@article{kiessling2020champs,
  title={{Advances and Limitations in Open Source Arabic-Script OCR: A Case Study}},
  author={Kiessling, Benjamin and Kurin, Gennady and Miller, Matthew Thomas and Smail, Kader},
  journal={{Digital Studies / Le champ numérique}},
  keywords={champs}
}

@article{kiessling2017important,
  title={{Important New Developments in Arabographic Optical Character Recognition (OCR)}},
  author={Kiessling, Benjamin and Miller, Matthew Thomas and Maxim, G and Savant, Sarah Bowen and others},
  journal={Al-ʿUṣ{\=u}r al-Wusṭ{\=a}},
  volume={25},
  pages={1--13},
  year={2017},
  keywords={soa}
}

@inproceedings{gupta2018learning,
  author    = {Ankush Gupta and
               Andrea Vedaldi and
               Andrew Zisserman},
  title     = {{Learning to Read by Spelling: Towards Unsupervised Text Recognition}},
  booktitle = {{ICVGIP} 2018: 11th Indian Conference on Computer Vision, Graphics
               and Image Processing, Hyderabad, India, 18-22 December, 2018},
  pages     = {33:1--33:10},
  publisher = {{ACM}},
  year      = {2018},
  doi       = {10.1145/3293353.3293386},
  timestamp = {Thu, 07 May 2020 12:10:48 +0200},
  biburl    = {https://dblp.org/rec/conf/icvgip/GuptaVZ18.bib},
  bibsource = {dblp computer science bibliography, https://dblp.org}
}
@inproceedings{tan2019learning,
  author    = {Zhiyu Tan and
               Xuecheng Nie and
               Qi Qian and
               Nan Li and
               Hao Li},
  title     = {{Learning to Rank Proposals for Object Detection}},
  booktitle = {2019 {IEEE/CVF} International Conference on Computer Vision, {ICCV}
               2019, Seoul, Korea (South), October 27 - November 2, 2019},
  pages     = {8272--8280},
  publisher = {{IEEE}},
  year      = {2019},
  doi       = {10.1109/ICCV.2019.00836},
  timestamp = {Mon, 06 Apr 2020 16:38:50 +0200},
  biburl    = {https://dblp.org/rec/conf/iccv/TanNQLL19.bib},
  bibsource = {dblp computer science bibliography, https://dblp.org}
}
	
@inproceedings{cakir2019deep,
  author    = {Fatih {\c{C}}akir and
               Kun He and
               Xide Xia and
               Brian Kulis and
               Stan Sclaroff},
  title     = {{Deep Metric Learning to Rank}},
  booktitle = {{IEEE} Conference on Computer Vision and Pattern Recognition, {CVPR}
               2019, Long Beach, CA, USA, June 16-20, 2019},
  pages     = {1861--1870},
  publisher = {Computer Vision Foundation / {IEEE}},
  year      = {2019},
  doi       = {10.1109/CVPR.2019.00196},
  timestamp = {Thu, 27 Aug 2020 07:31:34 +0200},
  biburl    = {https://dblp.org/rec/conf/cvpr/Cakir0XKS19.bib},
  bibsource = {dblp computer science bibliography, https://dblp.org}
}


@article{wursch2017divaservices,
  author    = {Marcel W{\"{u}}rsch and
               Rolf Ingold and
               Marcus Liwicki},
  title     = {{DivaServices} - A {RESTful} web service for {Document Image Analysis}
               methods},
  journal   = {Digit. Scholarsh. Humanit.},
  volume    = {32},
  number    = {suppl{\_}1},
  pages     = {i150--i156},
  year      = {2017},
  doi       = {10.1093/llc/fqw051},
  timestamp = {Thu, 05 Mar 2020 12:05:06 +0100},
  biburl    = {https://dblp.org/rec/journals/lalc/WurschIL17.bib},
  bibsource = {dblp computer science bibliography, https://dblp.org}
}

	
@article{stokes2018modelling,
  title={Modelling multigraphism: The digital representation of multiple scripts and alphabets},
  author={Stokes, Peter Anthony},
  journal={Digital Humanities 2018: Book of Abstracts/Libro de res{\'u}menes.},
  year={2018},
  publisher={Red de Humanidades Digitales AC}
}

@book{petrucci2001descrizione,
  title={La descrizione del manoscritto. Storia, problemi, modelli. Seconda edizione corretta e aggiornata},
  author={Petrucci, A.},
  year={2001},
  publisher={Roma}
}
@inproceedings{clausner2018icfhr,
  author    = {Christian Clausner and
               Apostolos Antonacopoulos and
               Nora McGregor and
               Daniel Wilson{-}Nunn},
  title     = {{ICFHR} 2018 Competition on Recognition of Historical Arabic Scientific
               Manuscripts - {RASM2018}},
  booktitle = {16th International Conference on Frontiers in Handwriting Recognition,
               {ICFHR} 2018, Niagara Falls, NY, USA, August 5-8, 2018},
  pages     = {471--476},
  publisher = {{IEEE} Computer Society},
  year      = {2018},
  doi       = {10.1109/ICFHR-2018.2018.00088},
  timestamp = {Wed, 16 Oct 2019 14:14:55 +0200},
  biburl    = {https://dblp.org/rec/conf/icfhr/ClausnerAMW18.bib},
  bibsource = {dblp computer science bibliography, https://dblp.org}
}
	
@book{alma991005247569705596,
author = {Sirat, Colette},
address = {Turnhout},
booktitle = {Writing as handwork: a history of handwriting in Mediterranean and western culture},
isbn = {2-503-52116-9},
publisher = {Brepols},
editor = {Schramm, Lenn},
series = {Bibliologia elementa ad librorum studia pertinentia},
}

@article{pierazzo2011rationale,
  title={A rationale of digital documentary editions},
  author={Pierazzo, Elena},
  journal={Literary and linguistic computing},
  volume={26},
  number={4},
  pages={463--477},
  year={2011},
  publisher={Oxford University Press}
}
@book{drucker2014graphesis,
  title={Graphesis: Visual forms of knowledge production},
  author={Drucker, Johanna},
  year={2014},
  publisher={Harvard University Press}
}
@book{pierazzo2016digital,
  title={Digital scholarly editing: Theories, models and methods},
  author={Pierazzo, Elena},
  year={2016},
  publisher={Routledge}
}
@article{huitfeldt2008transcription,
  title={What is transcription?},
  author={Huitfeldt, Claus and Sperberg-McQueen, Christopher Michael},
  journal={Literary and linguistic computing},
  volume={23},
  number={3},
  pages={295--310},
  year={2008},
  publisher={Oxford University Press}
}
@article{sperberg2018interpreting,
  title={Interpreting Difference among Transcripts},
  author={Sperberg-McQueen, Michael and Huitfeldt, Claus},
  journal={Digital Humanities 2018: Book of Abstracts/Libro de res{\'u}menes.},
  year={2018},
  publisher={Red de Humanidades Digitales AC}
}
@article{robinson1993guidelines,
  title={Guidelines for Transcription of the Manu\-scripts of the {Wife of Bath}’s Pro\-logue},
  author={Robinson, Peter and Solopova, Elizabeth},
  journal={The Canterbury Tales Project Occasional Papers},
  volume={1},
  pages={19--52},
  year={1993},
  publisher={Office for Humanities Communication Publications London}
}
@techreport{stokes2010project,
     title = {{Project Report}},
     author = {Stokes, P. A. and Noël, G.},
     group = {The Anglo-Saxon Cluster},
     year = {2010},
     institution = {King's College London, United Kingdom},
     url = {http://www.ascluster.org/techinfo/}
}
@incollection{stokes2020b,
  author      = {Stokes, P. A.},
  title       = {{Palaeography, Codicology and Stemmatology}},
  booktitle   = {{Handbook of Stemmatology: History, Methodology, Digital Approaches}},
  pages       = {46-56},
  editor={Roelli, Philipp},
  year={2020},
  publisher={Walter de Gruyter GmbH \& Co KG},
  doi = {10.1515/9783110684384-002}
}
@inproceedings{wang2011end,
  title={End-to-end scene text recognition},
  author={Wang, Kai and Babenko, Boris and Belongie, Serge},
  booktitle={2011 International Conference on Computer Vision},
  pages={1457--1464},
  year={2011},
  organization={IEEE}
}
@inproceedings{wigington2018start,
  author    = {Curtis Wigington and
               Chris Tensmeyer and
               Brian L. Davis and
               William A. Barrett and
               Brian L. Price and
               Scott Cohen},
  editor    = {Vittorio Ferrari and
               Martial Hebert and
               Cristian Sminchisescu and
               Yair Weiss},
  title     = {{Start, Follow, Read}: {End-to-EndFull-Page Handwriting Recognition}},
  booktitle = {Computer Vision - {ECCV} 2018 - 15th European Conference, Munich,
               Germany, September 8-14, 2018, Proceedings, Part {VI}},
  series    = {Lecture Notes in Computer Science},
  volume    = {11210},
  pages     = {372--388},
  publisher = {Springer},
  year      = {2018},
  doi       = {10.1007/978-3-030-01231-1\_23},
  timestamp = {Tue, 14 May 2019 10:00:45 +0200},
  biburl    = {https://dblp.org/rec/conf/eccv/WigingtonTDBPC18.bib},
  bibsource = {dblp computer science bibliography, https://dblp.org}
}

@article{kang2020ganwriting,
  author    = {Lei Kang and
               Pau Riba and
               Yaxing Wang and
               Mar{\c{c}}al Rusi{\~{n}}ol and
               Alicia Forn{\'{e}}s and
               Mauricio Villegas},
  editor    = {Andrea Vedaldi and
               Horst Bischof and
               Thomas Brox and
               Jan{-}Michael Frahm},
  title     = {{GANwriting: Content-Conditioned Generation of Styled Handwritten Word
               Images}},
  booktitle = {Computer Vision - {ECCV} 2020 - 16th European Conference, Glasgow,
               UK, August 23-28, 2020, Proceedings, Part {XXIII}},
  series    = {Lecture Notes in Computer Science},
  volume    = {12368},
  pages     = {273--289},
  publisher = {Springer},
  year      = {2020},
  doi       = {10.1007/978-3-030-58592-1\_17},
  timestamp = {Tue, 03 Nov 2020 17:25:00 +0100},
  biburl    = {https://dblp.org/rec/conf/eccv/KangRWRFV20.bib},
  bibsource = {dblp computer science bibliography, https://dblp.org}
}
	
@article{stokes2009digital,
  title={The Digital Dictionary},
  author={Stokes, Peter A},
  journal={Florilegium},
  pages={37--65},
  year={2009}
}
@unpublished{balogh:halshs-02272407,
  TITLE = {{DHARMA Transliteration Guide}},
  AUTHOR = {Balogh, D{\'a}niel and Griffiths, Arlo},
  URL = {https://hal.archives-ouvertes.fr/halshs-02272407},
  NOTE = {Version 3 of a common transliteration system for Balinese, Cam, Javanese, Kannada, Khmer, Malay, Prakrit, Sanskrit, Sundanese, Tamil, Telugu.},
  YEAR = {2020},
  KEYWORDS = {Kannada ; Malay ; Sundanese ; Telugu ; Sanskrit ; Tamil ; transliteration ; ERC-DHARMA ; Indic Scripts ; Balinese ; Cam ; Javanese ; Prakrit ; Khmer},
  PDF = {https://hal.archives-ouvertes.fr/halshs-02272407v3/file/DHARMA%20Transliteration%20Guide%20v3%20release.pdf},
  HAL_ID = {halshs-02272407},
  HAL_VERSION = {v3},
}
@inproceedings{kahle2017transkribus,
  author    = {Philip Kahle and
               Sebastian Colutto and
               G{\"{u}}nter Hackl and
               G{\"{u}}nter M{\"{u}}hlberger},
  title     = {{Transkribus - A Service Platform for Transcription, Recognition
               and Retrieval of Historical Documents}},
  booktitle = {1st International Workshop on Open Services and Tools for Document
               Analysis, 14th {IAPR} International Conference on Document Analysis
               and Recognition, OST@ICDAR 2017, Kyoto, Japan, November 9-15, 2017},
  pages     = {19--24},
  publisher = {{IEEE}},
  year      = {2017},
  doi       = {10.1109/ICDAR.2017.307},
  timestamp = {Sat, 03 Feb 2018 17:22:31 +0100},
  biburl    = {https://dblp.org/rec/conf/icdar/KahleCHM17.bib},
  bibsource = {dblp computer science bibliography, https://dblp.org}
}

@inproceedings{vobl2014pocoto,
  author    = {Thorsten Vobl and
               Annette Gotscharek and
               Ulrich Reffle and
               Christoph Ringlstetter and
               Klaus U. Schulz},
  editor    = {Apostolos Antonacopoulos and
               Klaus U. Schulz},
  title     = {{PoCoTo} - an open source system for efficient interactive postcorrection
               of {OCRed} historical texts},
  booktitle = {Digital Access to Textual Cultural Heritage 2014, DATeCH 2014, Madrid,
               Spain, May 19-20, 2014},
  pages     = {57--61},
  publisher = {{ACM}},
  year      = {2014},
  doi       = {10.1145/2595188.2595197},
  timestamp = {Tue, 06 Nov 2018 16:59:26 +0100},
  biburl    = {https://dblp.org/rec/conf/datech/VoblGRRS14.bib},
  bibsource = {dblp computer science bibliography, https://dblp.org}
}

@inproceedings{rigoll1996comparison,
  author    = {Gerhard Rigoll and
               Andreas Kosmala and
               J{\"{o}}rg Rottland and
               Christoph Neukirchen},
  title     = {A comparison between continuous and discrete density hidden Markov
               models for cursive handwriting recognition},
  booktitle = {13th International Conference on Pattern Recognition, {ICPR} 1996,
               Vienna, Austria, 25-19 August, 1996},
  pages     = {205--209},
  publisher = {{IEEE} Computer Society},
  year      = {1996},
  doi       = {10.1109/ICPR.1996.546818},
  timestamp = {Wed, 24 May 2017 08:30:46 +0200},
  biburl    = {https://dblp.org/rec/conf/icpr/RigollKRN96.bib},
  bibsource = {dblp computer science bibliography, https://dblp.org}
}
	
@article{wick2018calamari,
  author    = {Christoph Wick and
               Christian Reul and
               Frank Puppe},
  title     = {Calamari - {A} High-Performance Tensorflow-based Deep Learning Package
               for Optical Character Recognition},
  journal   = {Digit. Humanit. Q.},
  volume    = {14},
  number    = {2},
  year      = {2020},
  timestamp = {Wed, 21 Oct 2020 19:01:41 +0200},
  biburl    = {https://dblp.org/rec/journals/dhq/WickRP20.bib},
  bibsource = {dblp computer science bibliography, https://dblp.org}
}
	
@inproceedings{bukhari2017anyocr,
  author    = {Syed Saqib Bukhari and
               Ahmad Kadi and
               Mohammad Ayman Jouneh and
               Fahim Mahmood Mir and
               Andreas Dengel},
  title     = {{anyOCR: An Open-Source OCR System for Historical Archives}},
  booktitle = {14th {IAPR} International Conference on Document Analysis and Recognition,
               {ICDAR} 2017, Kyoto, Japan, November 9-15, 2017},
  pages     = {305--310},
  publisher = {{IEEE}},
  year      = {2017},
  doi       = {10.1109/ICDAR.2017.58},
  timestamp = {Fri, 13 Sep 2019 15:47:23 +0200},
  biburl    = {https://dblp.org/rec/conf/icdar/BukhariKJMD17.bib},
  bibsource = {dblp computer science bibliography, https://dblp.org}
}
@article{calvo2020understanding,
  title={Understanding optical music recognition},
  author={Calvo-Zaragoza, Jorge and Jr, Jan Haji{\v{c}} and Pacha, Alexander},
  journal={ACM Computing Surveys (CSUR)},
  volume={53},
  number={4},
  pages={1--35},
  year={2020},
  publisher={ACM New York, NY, USA}
}
@article{zanibbi2004survey,
  author    = {Richard Zanibbi and
               Dorothea Blostein and
               James R. Cordy},
  title     = {A survey of table recognition},
  journal   = {International Journal of Document Analysis and Recognition},
  volume    = {7},
  number    = {1},
  pages     = {1--16},
  year      = {2004},
  doi       = {10.1007/s10032-004-0120-9},
  timestamp = {Thu, 13 Aug 2020 12:42:21 +0200},
  biburl    = {https://dblp.org/rec/journals/ijdar/ZanibbiBC04.bib},
  bibsource = {dblp computer science bibliography, https://dblp.org}
}

@inproceedings{gao2019icdar,
  author    = {Liangcai Gao and
               Yilun Huang and
               Herv{\'{e}} D{\'{e}}jean and
               Jean{-}Luc Meunier and
               Qinqin Yan and
               Yu Fang and
               Florian Kleber and
               Eva Maria Lang},
  title     = {{ICDAR 2019 Competition on Table Detection and Recognition (cTDaR)}},
  booktitle = {2019 International Conference on Document Analysis and Recognition,
               {ICDAR} 2019, Sydney, Australia, September 20-25, 2019},
  pages     = {1510--1515},
  publisher = {{IEEE}},
  year      = {2019},
  doi       = {10.1109/ICDAR.2019.00243},
  timestamp = {Mon, 29 Jun 2020 07:55:05 +0200},
  biburl    = {https://dblp.org/rec/conf/icdar/GaoHDMYFKL19.bib},
  bibsource = {dblp computer science bibliography, https://dblp.org}
}
	
@inproceedings{clinchant2018comparing,
  author    = {St{\'{e}}phane Clinchant and
               Herv{\'{e}} D{\'{e}}jean and
               Jean{-}Luc Meunier and
               Eva Maria Lang and
               Florian Kleber},
  title     = {{Comparing Machine Learning Approaches for Table Recognition in Historical
               Register Books}},
  booktitle = {13th {IAPR} International Workshop on Document Analysis Systems, {DAS}
               2018, Vienna, Austria, April 24-27, 2018},
  pages     = {133--138},
  publisher = {{IEEE} Computer Society},
  year      = {2018},
  doi       = {10.1109/DAS.2018.44},
  timestamp = {Wed, 16 Oct 2019 14:14:55 +0200},
  biburl    = {https://dblp.org/rec/conf/das/ClinchantDMLK18.bib},
  bibsource = {dblp computer science bibliography, https://dblp.org}
}
	
@inproceedings{lehenmeier2020layout,
  author    = {Constantin Lehenmeier and
               Manuel Burghardt and
               Bernadette Mischka},
  editor    = {Mark M. Hall and
               Tanja Mercun and
               Thomas Risse and
               Fabien Duchateau},
  title     = {{Layout Detection and Table Recognition - Recent Challenges in Digitizing
               Historical Documents and Handwritten Tabular Data}},
  booktitle = {Digital Libraries for Open Knowledge - 24th International Conference
               on Theory and Practice of Digital Libraries, {TPDL} 2020, Lyon, France,
               August 25-27, 2020, Proceedings},
  series    = {Lecture Notes in Computer Science},
  volume    = {12246},
  pages     = {229--242},
  publisher = {Springer},
  year      = {2020},
  doi       = {10.1007/978-3-030-54956-5\_17},
  timestamp = {Tue, 18 Aug 2020 17:22:03 +0200},
  biburl    = {https://dblp.org/rec/conf/ercimdl/LehenmeierBM20.bib},
  bibsource = {dblp computer science bibliography, https://dblp.org}
}

@inproceedings{weinman2013toponym,
  author    = {Jerod J. Weinman},
  title     = {{Toponym Recognition in Historical Maps by Gazetteer Alignment}},
  booktitle = {12th International Conference on Document Analysis and Recognition,
               {ICDAR} 2013, Washington, DC, USA, August 25-28, 2013},
  pages     = {1044--1048},
  publisher = {{IEEE} Computer Society},
  year      = {2013},
  doi       = {10.1109/ICDAR.2013.209},
  timestamp = {Wed, 16 Oct 2019 14:14:54 +0200},
  biburl    = {https://dblp.org/rec/conf/icdar/Weinman13.bib},
  bibsource = {dblp computer science bibliography, https://dblp.org}
}
	
@inproceedings{ weinman19deep,
  author    = {Jerod Weinman and
               Ziwen Chen and
               Ben Gafford and
               Nathan Gifford and
               Abyaya Lamsal and
               Liam Niehus{-}Staab},
  title     = {{Deep Neural Networks for Text Detection and Recognition in Historical
               Maps}},
  booktitle = {2019 International Conference on Document Analysis and Recognition,
               {ICDAR} 2019, Sydney, Australia, September 20-25, 2019},
  pages     = {902--909},
  publisher = {{IEEE}},
  year      = {2019},
  doi       = {10.1109/ICDAR.2019.00149},
  timestamp = {Tue, 04 Feb 2020 13:28:39 +0100},
  biburl    = {https://dblp.org/rec/conf/icdar/WeinmanCGGLN19.bib},
  bibsource = {dblp computer science bibliography, https://dblp.org}
}

@inproceedings{ weinman17geographic,
  author    = {Jerod Weinman},
  title     = {Geographic and Style Models for Historical Map Alignment and Toponym
               Recognition},
  booktitle = {14th {IAPR} International Conference on Document Analysis and Recognition,
               {ICDAR} 2017, Kyoto, Japan, November 9-15, 2017},
  pages     = {957--964},
  publisher = {{IEEE}},
  year      = {2017},
  doi       = {10.1109/ICDAR.2017.160},
  timestamp = {Wed, 11 Apr 2018 10:21:14 +0200},
  biburl    = {https://dblp.org/rec/conf/icdar/Weinman17.bib},
  bibsource = {dblp computer science bibliography, https://dblp.org}
}

@article{sun2020aligning,
  title={Aligning geographic entities from historical maps for building knowledge graphs},
  author={Sun, Kai and Hu, Yingjie and Song, Jia and Zhu, Yunqiang},
  journal={International Journal of Geographical Information Science},
  pages={1--30},
  year={2020},
  publisher={Taylor \& Francis}
}
@article{liu2020superpixel,
  title={{Superpixel-Based Shallow Convolutional Neural Network (SSCNN) for Scanned Topographic Map Segmentation}},
  author={Liu, Tiange and Miao, Qiguang and Xu, Pengfei and Zhang, Shihui},
  journal={Remote Sensing},
  volume={12},
  number={20},
  pages={3421},
  year={2020},
  publisher={Multidisciplinary Digital Publishing Institute}
}
@article{uhl2018spatialising,
  title={Spatialising uncertainty in image segmentation using weakly supervised convolutional neural networks: a case study from historical map processing},
  author={Uhl, Johannes H and Leyk, Stefan and Chiang, Yao-Yi and Duan, Weiwei and Knoblock, Craig A},
  journal={IET Image Processing},
  volume={12},
  number={11},
  pages={2084--2091},
  year={2018},
  publisher={IET}
}
@article{plotz2009markov,
  title={Markov models for offline handwriting recognition: a survey},
  author={Pl{\"o}tz, Thomas and Fink, Gernot A},
  journal={International Journal on Document Analysis and Recognition (IJDAR)},
  volume={12},
  number={4},
  pages={269},
  year={2009},
  publisher={Springer}
}
@article{graves2008novel,
  author    = {Alex Graves and
               Marcus Liwicki and
               Santiago Fern{\'{a}}ndez and
               Roman Bertolami and
               Horst Bunke and
               J{\"{u}}rgen Schmidhuber},
  title     = {{A Novel Connectionist System for Unconstrained Handwriting Recognition}},
  journal   = {{IEEE} Trans. Pattern Anal. Mach. Intell.},
  volume    = {31},
  number    = {5},
  pages     = {855--868},
  year      = {2009},
  doi       = {10.1109/TPAMI.2008.137},
  timestamp = {Thu, 13 Jun 2019 09:15:18 +0200},
  biburl    = {https://dblp.org/rec/journals/pami/GravesLFBBS09.bib},
  bibsource = {dblp computer science bibliography, https://dblp.org}
}

@article{graves2008offline,
  author    = {Alex Graves and
               J{\"{u}}rgen Schmidhuber},
  editor    = {Daphne Koller and
               Dale Schuurmans and
               Yoshua Bengio and
               L{\'{e}}on Bottou},
  title     = {{Offline Handwriting Recognition with Multidimensional Recurrent Neural
               Networks}},
  booktitle = {Advances in Neural Information Processing Systems 21, Proceedings
               of the Twenty-Second Annual Conference on Neural Information Processing
               Systems, Vancouver, British Columbia, Canada, December 8-11, 2008},
  pages     = {545--552},
  publisher = {Curran Associates, Inc.},
  year      = {2008},
  timestamp = {Thu, 21 Jan 2021 15:15:24 +0100},
  biburl    = {https://dblp.org/rec/conf/nips/GravesS08.bib},
  bibsource = {dblp computer science bibliography, https://dblp.org}
}
	
@inproceedings{trivedi2019hindola,
  author    = {Abhishek Trivedi and
               Ravi Kiran Sarvadevabhatla},
  title     = {{HInDoLA: A Unified Cloud-Based Platform for Annotation, Visualization
               and Machine Learning-Based Layout Analysis of Historical Manuscripts}},
  booktitle = {2nd International Workshop on Open Services and Tools for Document
               Analysis, OST@ICDAR 2019, Sydney, Australia, September 22-25, 2019},
  pages     = {31--35},
  publisher = {{IEEE}},
  year      = {2019},
  doi       = {10.1109/ICDARW.2019.10035},
  timestamp = {Wed, 13 Nov 2019 17:08:34 +0100},
  biburl    = {https://dblp.org/rec/conf/icdar/TrivediS19.bib},
  bibsource = {dblp computer science bibliography, https://dblp.org}
}
	
@article{stollenga2015parallel,
  author    = {Marijn F. Stollenga and
               Wonmin Byeon and
               Marcus Liwicki and
               J{\"{u}}rgen Schmidhuber},
  editor    = {Corinna Cortes and
               Neil D. Lawrence and
               Daniel D. Lee and
               Masashi Sugiyama and
               Roman Garnett},
  title     = {{Parallel Multi-Dimensional LSTM, With Application to Fast Biomedical
               Volumetric Image Segmentation}},
  booktitle = {Advances in Neural Information Processing Systems 28: Annual Conference
               on Neural Information Processing Systems 2015, December 7-12, 2015,
               Montreal, Quebec, Canada},
  pages     = {2998--3006},
  year      = {2015},
  timestamp = {Thu, 21 Jan 2021 15:15:22 +0100},
  biburl    = {https://dblp.org/rec/conf/nips/StollengaBLS15.bib},
  bibsource = {dblp computer science bibliography, https://dblp.org}
}
	
@inproceedings{alberti2019labeling,
  author    = {Michele Alberti and
               Lars V{\"{o}}gtlin and
               Vinaychandran Pondenkandath and
               Mathias Seuret and
               Rolf Ingold and
               Marcus Liwicki},
  title     = {{Labeling, Cutting, Grouping: An Efficient Text Line Segmentation Method
               for Medieval Manuscripts}},
  booktitle = {2019 International Conference on Document Analysis and Recognition,
               {ICDAR} 2019, Sydney, Australia, September 20-25, 2019},
  pages     = {1200--1206},
  publisher = {{IEEE}},
  year      = {2019},
  doi       = {10.1109/ICDAR.2019.00194},
  timestamp = {Tue, 04 Feb 2020 13:28:39 +0100},
  biburl    = {https://dblp.org/rec/conf/icdar/AlbertiVPSIL19.bib},
  bibsource = {dblp computer science bibliography, https://dblp.org}
}

@article{shatri2020optical,
  author    = {Elona Shatri and
               Gy{\"{o}}rgy Fazekas},
  title     = {{Optical Music Recognition: State of the Art and Major Challenges}},
  journal   = {CoRR},
  volume    = {abs/2006.07885},
  year      = {2020},
  archivePrefix = {arXiv},
  eprint    = {2006.07885},
  timestamp = {Wed, 17 Jun 2020 14:28:54 +0200},
  biburl    = {https://dblp.org/rec/journals/corr/abs-2006-07885.bib},
  bibsource = {dblp computer science bibliography, https://dblp.org}
}

@inproceedings{pastor2016complete,
  author    = {Joan Pastor{-}Pellicer and
               Muhammad Zeshan Afzal and
               Marcus Liwicki and
               Mar{\'{\i}}a Jos{\'{e}} Castro Bleda},
  title     = {Complete System for Text Line Extraction Using Convolutional Neural
               Networks and Watershed Transform},
  booktitle = {12th {IAPR} Workshop on Document Analysis Systems, {DAS} 2016, Santorini,
               Greece, April 11-14, 2016},
  pages     = {30--35},
  publisher = {{IEEE} Computer Society},
  year      = {2016},
  doi       = {10.1109/DAS.2016.58},
  timestamp = {Wed, 16 Oct 2019 14:14:55 +0200},
  biburl    = {https://dblp.org/rec/conf/das/Pastor-Pellicer16.bib},
  bibsource = {dblp computer science bibliography, https://dblp.org}
}

@inproceedings{tensmeyer2017document,
  author    = {Chris Tensmeyer and
               Tony R. Martinez},
  title     = {Document Image Binarization with Fully Convolutional Neural Networks},
  booktitle = {14th {IAPR} International Conference on Document Analysis and Recognition,
               {ICDAR} 2017, Kyoto, Japan, November 9-15, 2017},
  pages     = {99--104},
  publisher = {{IEEE}},
  year      = {2017},
  doi       = {10.1109/ICDAR.2017.25},
  timestamp = {Wed, 25 Mar 2020 14:12:41 +0100},
  biburl    = {https://dblp.org/rec/conf/icdar/TensmeyerM17.bib},
  bibsource = {dblp computer science bibliography, https://dblp.org}
}

@inproceedings{strobel2020much,
  author    = {Phillip Str{\"{o}}bel and
               Simon Clematide and
               Martin Volk},
  editor    = {Nicoletta Calzolari and
               Fr{\'{e}}d{\'{e}}ric B{\'{e}}chet and
               Philippe Blache and
               Khalid Choukri and
               Christopher Cieri and
               Thierry Declerck and
               Sara Goggi and
               Hitoshi Isahara and
               Bente Maegaard and
               Joseph Mariani and
               H{\'{e}}l{\`{e}}ne Mazo and
               Asunci{\'{o}}n Moreno and
               Jan Odijk and
               Stelios Piperidis},
  title     = {{How Much Data Do You Need? About the Creation of a Ground Truth for
               Black Letter and the Effectiveness of Neural OCR}},
  booktitle = {Proceedings of The 12th Language Resources and Evaluation Conference,
               {LREC} 2020, Marseille, France, May 11-16, 2020},
  pages     = {3551--3559},
  publisher = {European Language Resources Association},
  year      = {2020},
  timestamp = {Fri, 29 May 2020 18:13:34 +0200},
  biburl    = {https://dblp.org/rec/conf/lrec/StrobelCV20.bib},
  bibsource = {dblp computer science bibliography, https://dblp.org}
}

@book{nemeth2017arabic,
  title={Arabic type-making in the {Machine Age}: The influence of technology on the form of {Arabic} type, 1908--1993},
  author={Nemeth, Titus},
  year={2017},
  publisher={Brill}
}
@article{mahmoud2014khatt,
  author    = {Sabri A. Mahmoud and
               Irfan Ahmad and
               Wasfi G. Al{-}Khatib and
               Mohammad Alshayeb and
               Mohammad Tanvir Parvez and
               Volker M{\"{a}}rgner and
               Gernot A. Fink},
  title     = {{KHATT: An open Arabic offline handwritten text database}},
  journal   = {Pattern Recognition},
  volume    = {47},
  number    = {3},
  pages     = {1096--1112},
  year      = {2014},
  doi       = {10.1016/j.patcog.2013.08.009},
  timestamp = {Mon, 15 Jun 2020 16:51:22 +0200},
  biburl    = {https://dblp.org/rec/journals/pr/MahmoudAAAPMF14.bib},
  bibsource = {dblp computer science bibliography, https://dblp.org}
}

@incollection{widner2017toward,
  title={{Toward Text-Mining the Middle Ages: Digital Scriptoria and Networks of Labor}},
  author={Widner, Michael},
  booktitle={The Routledge Research Companion to Digital Medieval Literature},
  pages={131--144},
  year={2017},
  publisher={Routledge}
}
@article{smith2018research,
  title={A research agenda for historical and multilingual optical character recognition},
  author={Smith, David A and Cordell, Ryan},
  journal={NUlab, Northeastern University},
  year={2018}
}
@inproceedings{oliveira2018dhsegment,
  author    = {Sofia Ares Oliveira and
               Benoit Seguin and
               Fr{\'{e}}d{\'{e}}ric Kaplan},
  title     = {{dhSegment: A Generic Deep-Learning Approach for Document Segmentation}},
  booktitle = {16th International Conference on Frontiers in Handwriting Recognition,
               {ICFHR} 2018, Niagara Falls, NY, USA, August 5-8, 2018},
  pages     = {7--12},
  publisher = {{IEEE} Computer Society},
  year      = {2018},
  doi       = {10.1109/ICFHR-2018.2018.00011},
  timestamp = {Wed, 16 Oct 2019 14:14:55 +0200},
  biburl    = {https://dblp.org/rec/conf/icfhr/OliveiraSK18.bib},
  bibsource = {dblp computer science bibliography, https://dblp.org}
}

@inproceedings{wick2018fully,
  author    = {Christoph Wick and
               Frank Puppe},
  title     = {{Fully Convolutional Neural Networks for Page Segmentation of Historical
               Document Images}},
  booktitle = {13th {IAPR} International Workshop on Document Analysis Systems, {DAS}
               2018, Vienna, Austria, April 24-27, 2018},
  pages     = {287--292},
  publisher = {{IEEE} Computer Society},
  year      = {2018},
  doi       = {10.1109/DAS.2018.39},
  timestamp = {Wed, 16 Oct 2019 14:14:55 +0200},
  biburl    = {https://dblp.org/rec/conf/das/WickP18.bib},
  bibsource = {dblp computer science bibliography, https://dblp.org}
}


@article{PAVLIDIS1992484,
title = "Page segmentation and classification",
journal = "CVGIP: Graphical Models and Image Processing",
volume = "54",
number = "6",
pages = "484 - 496",
year = "1992",
issn = "1049-9652",
doi = "https://doi.org/10.1016/1049-9652(92)90068-9",
author = "Theo Pavlidis and Jiangying Zhou"
}
@inproceedings{kruatrachue2005fast,
  title={Fast Document Segmentation Using Contour and XY Cut Technique.},
  author={Kruatrachue, Boontee and Moongfangklang, Narongchai and Siriboon, Kritawan},
  booktitle={WEC (5)},
  pages={27--29},
  year={2005}
}
@inproceedings{drivas1995page,
  title={Page segmentation and classification utilising a bottom-up approach},
  author={Drivas, Dimitrios and Amin, Adnan},
  booktitle={Proceedings of 3rd International Conference on Document Analysis and Recognition},
  volume={2},
  pages={610--614},
  year={1995},
  organization={IEEE}
}
@article{kise1998segmentation,
  title={Segmentation of page images using the area Voronoi diagram},
  author={Kise, Koichi and Sato, Akinori and Iwata, Motoi},
  journal={Computer Vision and Image Understanding},
  volume={70},
  number={3},
  pages={370--382},
  year={1998},
  publisher={Elsevier}
}
@article{xu2018multi,
  author    = {Yue Xu and
               Fei Yin and
               Zhaoxiang Zhang and
               Cheng{-}Lin Liu},
  editor    = {J{\'{e}}r{\^{o}}me Lang},
  title     = {{Multi-task Layout Analysis for Historical Handwritten Documents Using
               Fully Convolutional Networks}},
  booktitle = {Proceedings of the Twenty-Seventh International Joint Conference on
               Artificial Intelligence, {IJCAI} 2018, July 13-19, 2018, Stockholm,
               Sweden},
  pages     = {1057--1063},
  publisher = {ijcai.org},
  year      = {2018},
  doi       = {10.24963/ijcai.2018/147},
  timestamp = {Tue, 20 Aug 2019 16:19:08 +0200},
  biburl    = {https://dblp.org/rec/conf/ijcai/XuYZL18.bib},
  bibsource = {dblp computer science bibliography, https://dblp.org}
}

	
@inproceedings{ha1995recursive,
  title={Recursive XY cut using bounding boxes of connected components},
  author={Ha, Jaekyu and Haralick, Robert M and Phillips, Ihsin T},
  booktitle={Proceedings of 3rd International Conference on Document Analysis and Recognition},
  volume={2},
  pages={952--955},
  year={1995},
  organization={IEEE}
}
@article{tracy1975advances,
  title={Advances in Arabic printing},
  author={Tracy, Walter},
  journal={British Journal of Middle Eastern Studies},
  volume={2},
  number={2},
  pages={87--93},
  year={1975},
  publisher={Taylor \& Francis}
}
@article{krek1979enigma,
  title={The enigma of the first {Arabic} book printed from movable type},
  author={Krek, Miroslav},
  journal={Journal of Near Eastern Studies},
  volume={38},
  number={3},
  pages={203--212},
  year={1979},
  publisher={University of Chicago Press}
}
@book{gacek2009arabic,
  title={Arabic manuscripts: a vademecum for readers},
  author={Gacek, Adam},
  volume={98},
  year={2009},
  publisher={Brill}
}
@phdthesis{lavee2013computer,
  title={Computer Analysis of the Dead Sea Scroll Manuscripts},
  author={Lavee, Tamar},
  year={2013},
  school={Tel Aviv University}
}
@inproceedings{dhali2017digital,
  author    = {Maruf A. Dhali and
               Sheng He and
               Mladen Popovic and
               Eibert Tigchelaar and
               Lambert Schomaker},
  editor    = {Maria De Marsico and
               Gabriella Sanniti di Baja and
               Ana L. N. Fred},
  title     = {{A Digital Palaeographic Approach towards Writer Identification in
               the Dead Sea Scrolls}},
  booktitle = {Proceedings of the 6th International Conference on Pattern Recognition
               Applications and Methods, {ICPRAM} 2017, Porto, Portugal, February
               24-26, 2017},
  pages     = {693--702},
  publisher = {SciTePress},
  year      = {2017},
  doi       = {10.5220/0006249706930702},
  timestamp = {Mon, 15 Jun 2020 17:10:50 +0200},
  biburl    = {https://dblp.org/rec/conf/icpram/DhaliHPTS17.bib},
  bibsource = {dblp computer science bibliography, https://dblp.org}
}

@inproceedings{easton2003multispectral,
  author    = {Roger L. Easton Jr. and
               Keith T. Knox and
               William A. Christens{-}Barry},
  title     = {{Multispectral Imaging of the Archimedes Palimpsest}},
  booktitle = {32nd Applied Image Pattern Recognition Workshop {(AIPR} 2003), Image
               Data Fusion, 15-17 October 2003, Washington, DC, USA, Proceedings},
  pages     = {111--118},
  publisher = {{IEEE} Computer Society},
  year      = {2003},
  doi       = {10.1109/AIPR.2003.1284258},
  timestamp = {Wed, 16 Oct 2019 14:14:51 +0200},
  biburl    = {https://dblp.org/rec/conf/aipr/EastonKC03.bib},
  bibsource = {dblp computer science bibliography, https://dblp.org}
}

@inproceedings{starynska2017methods,
  title={Methods of data augmentation for palimpsest character recognition with Deep Neural Network},
  author={Starynska, Anna and Easton Jr, Roger L and Messinger, David},
  booktitle={Proceedings of the 4th International Workshop on Historical Document Imaging and Processing},
  pages={54--58},
  year={2017}
}
@article{lecun1989backpropagation,
  title={Backpropagation applied to handwritten zip code recognition},
  author={LeCun, Yann and Boser, Bernhard and Denker, John S and Henderson, Donnie and Howard, Richard E and Hubbard, Wayne and Jackel, Lawrence D},
  journal={Neural computation},
  volume={1},
  number={4},
  pages={541--551},
  year={1989},
  publisher={MIT Press}
}
@incollection{fukushima1982neocognitron,
  title={Neocognitron: A self-organizing neural network model for a mechanism of visual pattern recognition},
  author={Fukushima, Kunihiko and Miyake, Sei},
  booktitle={Competition and cooperation in neural nets},
  pages={267--285},
  year={1982},
  publisher={Springer}
}
@article{rumelhart1986learning,
  title={Learning representations by back-propagating errors},
  author={Rumelhart, David E and Hinton, Geoffrey E and Williams, Ronald J},
  journal={nature},
  volume={323},
  number={6088},
  pages={533--536},
  year={1986},
  publisher={Nature Publishing Group}
}
@phdthesis{hochreiter1991untersuchungen,
  title={Untersuchungen zu dynamischen neuronalen {Netzen}},
  author={Hochreiter, Sepp},
  school = {Technische Universit{\"a}t M{\"u}nchen},
  year={1991}
}
@article{hochreiter1997long,
  title={Long short-term memory},
  author={Hochreiter, Sepp and Schmidhuber, J{\"u}rgen},
  journal={Neural computation},
  volume={9},
  number={8},
  pages={1735--1780},
  year={1997},
  publisher={MIT Press}
}
@article{schmidhuber2014deep,
  author    = {J{\"{u}}rgen Schmidhuber},
  title     = {Deep Learning in Neural Networks: An Overview},
  journal   = {CoRR},
  volume    = {abs/1404.7828},
  year      = {2014},
  archivePrefix = {arXiv},
  eprint    = {1404.7828},
  timestamp = {Mon, 13 Aug 2018 16:47:28 +0200},
  biburl    = {https://dblp.org/rec/journals/corr/Schmidhuber14.bib},
  bibsource = {dblp computer science bibliography, https://dblp.org}
}
	
@inproceedings{kaltenmeier1993sophisticated,
  title={Sophisticated topology of hidden Markov models for cursive script recognition},
  author={Kaltenmeier, Alfred and Caesar, Torsten and Gloger, Joachim M and Mandler, Eberhard},
  booktitle={Proceedings of 2nd International Conference on Document Analysis and Recognition (ICDAR'93)},
  pages={139--142},
  year={1993},
  organization={IEEE}
}
@article{huh2016makes,
  author    = {Mi{-}Young Huh and
               Pulkit Agrawal and
               Alexei A. Efros},
  title     = {What makes ImageNet good for transfer learning?},
  journal   = {CoRR},
  volume    = {abs/1608.08614},
  year      = {2016},
  archivePrefix = {arXiv},
  eprint    = {1608.08614},
  timestamp = {Mon, 13 Aug 2018 16:46:41 +0200},
  biburl    = {https://dblp.org/rec/journals/corr/HuhAE16.bib},
  bibsource = {dblp computer science bibliography, https://dblp.org}
}

@article{krizhevsky2017imagenet,
  title={Imagenet classification with deep convolutional neural networks},
  author={Krizhevsky, Alex and Sutskever, Ilya and Hinton, Geoffrey E},
  journal={Communications of the ACM},
  volume={60},
  number={6},
  pages={84--90},
  year={2017},
  publisher={AcM New York, NY, USA}
}
@article{simonyan2014very,
  author    = {Karen Simonyan and
               Andrew Zisserman},
  editor    = {Yoshua Bengio and
               Yann LeCun},
  title     = {Very Deep Convolutional Networks for Large-Scale Image Recognition},
  booktitle = {3rd International Conference on Learning Representations, {ICLR} 2015,
               San Diego, CA, USA, May 7-9, 2015, Conference Track Proceedings},
  year      = {2015},
  timestamp = {Wed, 17 Jul 2019 10:40:54 +0200},
  biburl    = {https://dblp.org/rec/journals/corr/SimonyanZ14a.bib},
  bibsource = {dblp computer science bibliography, https://dblp.org}
}

@inproceedings{he2016deep,
  title={Deep residual learning for image recognition},
  author={He, Kaiming and Zhang, Xiangyu and Ren, Shaoqing and Sun, Jian},
  booktitle={Proceedings of the IEEE conference on computer vision and pattern recognition},
  pages={770--778},
  year={2016}
}
@inproceedings{kornblith2019better,
  title={Do better imagenet models transfer better?},
  author={Kornblith, Simon and Shlens, Jonathon and Le, Quoc V},
  booktitle={Proceedings of the IEEE conference on computer vision and pattern recognition},
  pages={2661--2671},
  year={2019}
}
@inproceedings{he2019rethinking,
  title={Rethinking imagenet pre-training},
  author={He, Kaiming and Girshick, Ross and Doll{\'a}r, Piotr},
  booktitle={Proceedings of the IEEE international conference on computer vision},
  pages={4918--4927},
  year={2019}
}
@article{zoph2020rethinking,
  author    = {Barret Zoph and
               Golnaz Ghiasi and
               Tsung{-}Yi Lin and
               Yin Cui and
               Hanxiao Liu and
               Ekin Dogus Cubuk and
               Quoc Le},
  editor    = {Hugo Larochelle and
               Marc'Aurelio Ranzato and
               Raia Hadsell and
               Maria{-}Florina Balcan and
               Hsuan{-}Tien Lin},
  title     = {Rethinking Pre-training and Self-training},
  booktitle = {Advances in Neural Information Processing Systems 33: Annual Conference
               on Neural Information Processing Systems 2020, NeurIPS 2020, December
               6-12, 2020, virtual},
  year      = {2020},
  timestamp = {Tue, 19 Jan 2021 15:57:00 +0100},
  biburl    = {https://dblp.org/rec/conf/nips/ZophGLCLC020.bib},
  bibsource = {dblp computer science bibliography, https://dblp.org}
}


@phdthesis{ghoname2012sini,
  title={{Sini Calligraphy: The Preservation of Chinese Muslims' Cultural Heritage}},
  author={Ghoname, Hala},
  year={2012},
  school={University of Hawaii at Manoa}
}
@article{alpert2016machine,
  title={Machine {Reading} the {Primeros Libros}},
  author={Alpert-Abrams, Hannah},
  journal={Digital Humanities Quarterly},
  volume={10},
  number={4},
  year={2016}
}
@book{wilkinson1992first,
  title={The first census optical character recognition system conference},
  author={Wilkinson, R Allen},
  volume={4912},
  year={1992},
  publisher={US Department of Commerce, National Institute of Standards and Technology}
}
@inproceedings{prusty2019indiscapes,
  title={Indiscapes: Instance segmentation networks for layout parsing of historical {Indic} manu\-scripts},
  author={Prusty, Abhishek and Aitha, Sowmya and Trivedi, Abhishek and Sarvadevabhatla, Ravi Kiran},
  booktitle={2019 International Conference on Document Analysis and Recognition (ICDAR)},
  pages={999--1006},
  year={2019},
  organization={IEEE}
}
@book{minsky1969perceptron,
  title={Perceptrons: an introduction to computational geometry},
  author={Minsky, Marvin and Seymour, Papert},
  year={1969},
  isbn={0262130432},
  publisher={The MIT Press, Cambridge MA}
}
@article{herbert1982history,
  title={The history of OCR, optical character recognition},
  author={Herbert, H},
  journal={Manchester Center, VT: Recognition Technologies Users Association},
  year={1982}
}
@article{papert1966summer,
  title={The summer vision project},
  author={Papert, Seymour A},
  year={1966}
}


@article{christiansen2017manufacture,
  title={Manufacture of Black Ink in the Ancient Mediterranean},
  author={Christiansen, Thomas},
  journal={Bulletin of the American Society of Papyrologists},
  volume={54},
  pages={167--195},
  year={2017}
}
@article{raggetti2019inks,
  title={Inks as Instruments of Writing: Ibn al-Ǧazar{\=\i}’s Book on the Art of Penmanship},
  author={Raggetti, Lucia},
  journal={Journal of Islamic Manuscripts},
  volume={10},
  number={2},
  pages={201--239},
  year={2019},
  publisher={Brill}
}
@article{awad2015evolution,
  title={{The Evolution of Arabic Writing Due to European Influence: The case of punctuation}},
  author={Awad, Dana},
  journal={Journal of Arabic and Islamic Studies},
  volume={15},
  pages={117--136},
  year={2015}
}
@article{abu2020arabic,
  title={{Arabic Type Classification System-Qualitative Classification of Historic Arabic Writing Scripts in the Contemporary Typographic Context}},
  author={Abu-Shaqra, Darin},
  year={2020},
  publisher={OCAD University}
}
@book{EncyclopediaofArabicLanguageandLinguisticsVolume3,
      author = "Kees Versteegh and Mushira Eid and Alaa Elgibali and Manfred Woidich and Andrzej Zaborski",
      title = "Encyclopedia of Arabic Language and Linguistics, Volume 3",
      year = "2007",
      publisher = "Brill",
      address = "Leiden, The Netherlands",
      isbn = "978-90-04-14475-0"
}
@book{blair2006islamic,
  title={{Islamic Calligraphy}},
  author={Blair, Sheila},
  year={2006},
  publisher={Edinburgh University Press,}
}
@article{auji2017neither,
  title={Neither Good, Fast, Nor Cheap: Challenges of Early Arabic Letterpress Printing},
  author={Auji, H},
  journal={American Printing History Association (blog)},
  year={2017}
}
@book{turner1996dictionary,
  title={{The Dictionary of Art}},
  author={Turner, Jane},
  year={1996}
}
@article{deroche2006islamic,
  title={{Islamic Codicology: An Introduction to the Study of Manuscripts in Arabic Script}},
  author={D{\'e}roche, Fran{\c{c}}ois and Berthier, Annie and Waley, MI},
  journal={Muhammad Isa Waley, London, al-Furq{\=a}n Islamic Heritage Foundation},
  year={2006}
}

@article{schwartz2017did,
  title={{Did Ottoman Sultans Ban Print?}},
  author={Schwartz, Kathryn A},
  journal={Book History},
  volume={20},
  number={1},
  pages={1--39},
  year={2017},
  publisher={Johns Hopkins University Press}
}
@book{bloompaper,
   title =     {Paper Before Print: The History and Impact of Paper in the Islamic world},
   author =    {Jonathan Bloom},
   publisher = {Yale University Press},
   isbn =      {9780300089554},
   year =      {2001},
   series =    {},
   edition =   {},
   volume =    {}}

@INPROCEEDINGS{8978198, author={M. {Diem} and F. {Kleber} and R. {Sablatnig} and B. {Gatos}}, booktitle={2019 International Conference on Document Analysis and Recognition (ICDAR)}, title={cBAD: ICDAR2019 Competition on Baseline Detection}, year={2019}, volume={}, number={}, pages={1494-1498},}
@inproceedings{wu2018group,
  title={Group normalization},
  author={Wu, Yuxin and He, Kaiming},
  booktitle={Proceedings of the European Conference on Computer Vision (ECCV)},
  pages={3--19},
  year={2018}
}
@article{lorensen1987marching,
  title={Marching cubes: A high resolution 3D surface construction algorithm},
  author={Lorensen, William E and Cline, Harvey E},
  journal={ACM siggraph computer graphics},
  volume={21},
  number={4},
  pages={163--169},
  year={1987},
  publisher={ACM New York, NY, USA}
}
@Article{info11020125,
    AUTHOR = {Buslaev, Alexander and Iglovikov, Vladimir I. and Khvedchenya, Eugene and Parinov, Alex and Druzhinin, Mikhail and Kalinin, Alexandr A.},
    TITLE = {Albumentations: Fast and Flexible Image Augmentations},
    JOURNAL = {Information},
    VOLUME = {11},
    YEAR = {2020},
    NUMBER = {2},
    ARTICLE-NUMBER = {125},
    ISSN = {2078-2489},
    DOI = {10.3390/info11020125}
}
@article{bresenham1965algorithm,
  title={Algorithm for computer control of a digital plotter},
  author={Bresenham, Jack E},
  journal={IBM Systems journal},
  volume={4},
  number={1},
  pages={25--30},
  year={1965},
  publisher={IBM}
}
@inproceedings{quiros2018hmms,
  title={From HMMs to RNNs: computer-assisted transcription of a handwritten notarial records collection},
  author={Quir{\'o}s, Lorenzo and Bosch, Vicente and Serrano, Lluis and Toselli, Alejandro H and Vidal, Enrique},
  booktitle={2018 16th International Conference on Frontiers in Handwriting Recognition (ICFHR)},
  pages={116--121},
  year={2018},
  organization={IEEE}
}
@dataset{toselli_a_h_2018_1164045,
  author       = {Toselli, A.H. and
                  Romero, V. and
                  Villegas, M. and
                  Vidal, E. and
                  Sánchez, J.A.},
  title        = {HTR Dataset ICFHR 2016},
  month        = feb,
  year         = 2018,
  publisher    = {Zenodo},
  doi          = {10.5281/zenodo.1164045},
}
@dataset{kiessling_benjamin_2019_3274428,
  author       = {Kiessling, Benjamin and
                  Stökl Ben Ezra, Daniel and
                  Miller, Matthew Thomas},
  title        = {{Baseline Detection in Arabic-script Manuscripts
                   Dataset (BADAM)}},
  month        = jul,
  year         = 2019,
  publisher    = {Zenodo},
  version      = {1.0},
  doi          = {10.5281/zenodo.3274428},
}
@incollection{avidan2007seam,
  title={Seam carving for content-aware image resizing},
  author={Avidan, Shai and Shamir, Ariel},
  booktitle={ACM SIGGRAPH 2007 papers},
  pages={10--es},
  year={2007}
}
@inproceedings{chen2014page,
  title={Page segmentation for historical handwritten document images using color and texture features},
  author={Chen, Kai and Wei, Hao and Hennebert, Jean and Ingold, Rolf and Liwicki, Marcus},
  booktitle={2014 14th International Conference on Frontiers in Handwriting Recognition},
  pages={488--493},
  year={2014},
  organization={IEEE}
}
@inproceedings{baechler2011multi,
  title={Multi resolution layout analysis of medieval manuscripts using dynamic mlp},
  author={Baechler, Micheal and Ingold, Rolf},
  booktitle={2011 International Conference on Document Analysis and Recognition},
  pages={1185--1189},
  year={2011},
  organization={IEEE}
}
@article{soullard2020multi,
  title={Multi-scale Gated Fully Convolutional DenseNets for semantic labeling of historical newspaper images},
  author={Soullard, Yann and Tranouez, Pierrick and Chatelain, Cl{\'e}ment and Nicolas, St{\'e}phane and Paquet, Thierry},
  journal={Pattern Recognition Letters},
  volume={131},
  pages={435--441},
  year={2020},
  publisher={Elsevier}
}
@article{lemaitre2008multiresolution,
  title={Multiresolution cooperation makes easier document structure recognition},
  author={Lemaitre, Aur{\'e}lie and Camillerapp, Jean and Co{\"u}asnon, Bertrand},
  journal={International Journal of Document Analysis and Recognition (IJDAR)},
  volume={11},
  number={2},
  pages={97--109},
  year={2008},
  publisher={Springer}
}
@inproceedings{chen2015page,
  title={Page segmentation of historical document images with convolutional autoencoders},
  author={Chen, Kai and Seuret, Mathias and Liwicki, Marcus and Hennebert, Jean and Ingold, Rolf},
  booktitle={2015 13th International Conference on Document Analysis and Recognition (ICDAR)},
  pages={1011--1015},
  year={2015},
  organization={IEEE}
}
@article{ba2014multiple,
  author    = {Jimmy Ba and
               Volodymyr Mnih and
               Koray Kavukcuoglu},
  editor    = {Yoshua Bengio and
               Yann LeCun},
  title     = {Multiple Object Recognition with Visual Attention},
  booktitle = {3rd International Conference on Learning Representations, {ICLR} 2015,
               San Diego, CA, USA, May 7-9, 2015, Conference Track Proceedings},
  year      = {2015},
  timestamp = {Thu, 25 Jul 2019 14:25:39 +0200},
  biburl    = {https://dblp.org/rec/journals/corr/BaMK14.bib},
  bibsource = {dblp computer science bibliography, https://dblp.org}
}

	
@article{song2017hierarchical,
  author    = {Jingkuan Song and
               Zhao Guo and
               Lianli Gao and
               Wu Liu and
               Dongxiang Zhang and
               Heng Tao Shen},
  title     = {Hierarchical {LSTM} with Adjusted Temporal Attention for Video Captioning},
  journal   = {CoRR},
  volume    = {abs/1706.01231},
  year      = {2017},
  archivePrefix = {arXiv},
  eprint    = {1706.01231},
  timestamp = {Mon, 13 Aug 2018 16:46:50 +0200},
  biburl    = {https://dblp.org/rec/journals/corr/SongGGLZS17.bib},
  bibsource = {dblp computer science bibliography, https://dblp.org}
}	
@article{gregor2015draw,
  author    = {Karol Gregor and
               Ivo Danihelka and
               Alex Graves and
               Danilo Jimenez Rezende and
               Daan Wierstra},
  editor    = {Francis R. Bach and
               David M. Blei},
  title     = {{DRAW:} {A} Recurrent Neural Network For Image Generation},
  booktitle = {Proceedings of the 32nd International Conference on Machine Learning,
               {ICML} 2015, Lille, France, 6-11 July 2015},
  series    = {{JMLR} Workshop and Conference Proceedings},
  volume    = {37},
  pages     = {1462--1471},
  publisher = {JMLR.org},
  year      = {2015},
  timestamp = {Wed, 29 May 2019 08:41:45 +0200},
  biburl    = {https://dblp.org/rec/conf/icml/GregorDGRW15.bib},
  bibsource = {dblp computer science bibliography, https://dblp.org}
}
	
@inproceedings{kang2018convolve,
  title={Convolve, attend and spell: An attention-based sequence-to-sequence model for handwritten word recognition},
  author={Kang, Lei and Toledo, J Ignacio and Riba, Pau and Villegas, Mauricio and Forn{\'e}s, Alicia and Rusinol, Mar{\c{c}}al},
  booktitle={German Conference on Pattern Recognition},
  pages={459--472},
  year={2018},
  organization={Springer}
}
@inproceedings{coquenet2020recurrence,
  title={Recurrence-free unconstrained handwritten text recognition using gated fully convolutional network},
  author={Coquenet, Denis and Chatelain, Cl{\'e}ment and Paquet, Thierry},
  booktitle={2020 17th International Conference on Frontiers in Handwriting Recognition (ICFHR)},
  pages={19--24},
  year={2020},
  organization={IEEE}
}
@article{gan2020air,
  title={In-air handwritten {Chinese} text recognition with temporal convolutional recurrent network},
  author={Gan, Ji and Wang, Weiqiang and Lu, Ke},
  journal={Pattern Recognition},
  volume={97},
  pages={107025},
  year={2020},
  publisher={Elsevier}
}
@article{candela2013virtual,
  title={Virtual research environments: an overview and a research agenda},
  author={Candela, Leonardo and Castelli, Donatella and Pagano, Pasquale},
  journal={Data Science Journal},
  pages={GRDI--013},
  year={2013},
  publisher={CODATA}
}
@book{wenger1999communities,
  title={Communities of practice: Learning, meaning, and identity},
  author={Wenger, Etienne},
  year={1999},
  publisher={Cambridge university press}
}
@article{moyle2011manuscript,
  title={Manuscript transcription by crowdsourcing: Transcribe Bentham},
  author={Moyle, Martin and Tonra, Justin and Wallace, Valerie},
  journal={Liber Quarterly},
  volume={20},
  number={3-4},
  year={2011}
}
@inproceedings{xu2015show,
  title={Show, attend and tell: Neural image caption generation with visual attention},
  author={Xu, Kelvin and Ba, Jimmy and Kiros, Ryan and Cho, Kyunghyun and Courville, Aaron and Salakhudinov, Ruslan and Zemel, Rich and Bengio, Yoshua},
  booktitle={International conference on machine learning},
  pages={2048--2057},
  year={2015}
}
@article{visin2015renet,
  author    = {Francesco Visin and
               Kyle Kastner and
               Kyunghyun Cho and
               Matteo Matteucci and
               Aaron C. Courville and
               Yoshua Bengio},
  title     = {{ReNet}: {A} Recurrent Neural Network Based Alternative to Convolutional
               Networks},
  journal   = {CoRR},
  volume    = {abs/1505.00393},
  year      = {2015},
  archivePrefix = {arXiv},
  eprint    = {1505.00393},
  timestamp = {Mon, 13 Aug 2018 16:46:40 +0200},
  biburl    = {https://dblp.org/rec/journals/corr/VisinKCMCB15.bib},
  bibsource = {dblp computer science bibliography, https://dblp.org}
}

@article{gruning2019two,
  title={A two-stage method for text line detection in historical documents},
  author={Gr{\"u}ning, Tobias and Leifert, Gundram and Strau{\ss}, Tobias and Michael, Johannes and Labahn, Roger},
  journal={International Journal on Document Analysis and Recognition (IJDAR)},
  volume={22},
  number={3},
  pages={285--302},
  year={2019},
  publisher={Springer}
}
@inproceedings{kaddas2018deep,
  title={A Deep Convolutional Encoder-Decoder Network for Page Segmentation of Historical Handwritten Documents Into Text Zones},
  author={Kaddas, Panagiotis and Gatos, Basilis},
  booktitle={2018 16th International Conference on Frontiers in Handwriting Recognition (ICFHR)},
  pages={259--264},
  year={2018},
  organization={IEEE}
}
@inproceedings{nguyen2019character,
  title={A Character Attention Generative Adversarial Network for Degraded Historical Document Restoration},
  author={Nguyen, Kha Cong and Nguyen, Cuong Tuan and Hotta, Seiji and Nakagawa, Masaki},
  booktitle={2019 International Conference on Document Analysis and Recognition (ICDAR)},
  pages={420--425},
  year={2019},
  organization={IEEE}
}
@article{suh2020two,
  author    = {Sungho Suh and
               Jihun Kim and
               Paul Lukowicz and
               Yong Oh Lee},
  title     = {Two-Stage Generative Adversarial Networks for Document Image Binarization
               with Color Noise and Background Removal},
  journal   = {CoRR},
  volume    = {abs/2010.10103},
  year      = {2020},
  archivePrefix = {arXiv},
  eprint    = {2010.10103},
  timestamp = {Mon, 26 Oct 2020 15:39:44 +0100},
  biburl    = {https://dblp.org/rec/journals/corr/abs-2010-10103.bib},
  bibsource = {dblp computer science bibliography, https://dblp.org}
}
	
@inproceedings{vincent2008extracting,
  title={Extracting and composing robust features with denoising autoencoders},
  author={Vincent, Pascal and Larochelle, Hugo and Bengio, Yoshua and Manzagol, Pierre-Antoine},
  booktitle={Proceedings of the 25th international conference on Machine learning},
  pages={1096--1103},
  year={2008}
}
@inproceedings{erhan2010does,
  title={Why does unsupervised pre-training help deep learning?},
  author={Erhan, Dumitru and Courville, Aaron and Bengio, Yoshua and Vincent, Pascal},
  booktitle={Proceedings of the thirteenth international conference on artificial intelligence and statistics},
  pages={201--208},
  year={2010},
  organization={JMLR Workshop and Conference Proceedings}
}
@article{calvo2019selectional,
  title={A selectional auto-encoder approach for document image binarization},
  author={Calvo-Zaragoza, Jorge and Gallego, Antonio-Javier},
  journal={Pattern Recognition},
  volume={86},
  pages={37--47},
  year={2019},
  publisher={Elsevier}
}
@inproceedings{wei2015selecting,
  title={Selecting autoencoder features for layout analysis of historical documents},
  author={Wei, Hao and Seuret, Mathias and Chen, Kai and Fischer, Andreas and Liwicki, Marcus and Ingold, Rolf},
  booktitle={Proceedings of the 3rd International Workshop on Historical Document Imaging and Processing},
  pages={55--62},
  year={2015}
}
@article{sayre1973machine,
  title={Machine recognition of handwritten words: A project report},
  author={Sayre, Kenneth M},
  journal={Pattern recognition},
  volume={5},
  number={3},
  pages={213--228},
  year={1973},
  publisher={Elsevier}
}
@article{fan2019brief,
  title={Brief review of image denoising techniques},
  author={Fan, Linwei and Zhang, Fan and Fan, Hui and Zhang, Caiming},
  journal={Visual Computing for Industry, Biomedicine, and Art},
  volume={2},
  number={1},
  pages={7},
  year={2019},
  publisher={Springer}
}
@inproceedings{breuel2008ocropus,
  title={The OCRopus open source OCR system},
  author={Breuel, Thomas M},
  booktitle={Document recognition and retrieval XV},
  volume={6815},
  pages={68150F},
  year={2008},
  organization={International Society for Optics and Photonics}
}
@article{ntirogiannis2014combined,
  title={A combined approach for the binarization of handwritten document images},
  author={Ntirogiannis, Konstantinos and Gatos, Basilis and Pratikakis, Ioannis},
  journal={Pattern recognition letters},
  volume={35},
  pages={3--15},
  year={2014},
  publisher={Elsevier}
}
@misc{niblack1986introduction,
  title={An Introduction to Digital Image Processing (Englewood CliVs, NJ},
  author={Niblack, W},
  year={1986},
  publisher={Prentice-Hall}
}
@article{kim2002document,
  title={Document image binarization based on topographic analysis using a water flow model},
  author={Kim, In-Kwon and Jung, Dong-Wook and Park, Rae-Hong},
  journal={Pattern Recognition},
  volume={35},
  number={1},
  pages={265--277},
  year={2002},
  publisher={Elsevier}
}
@inproceedings{gatos2004adaptive,
  title={An adaptive binarization technique for low quality historical documents},
  author={Gatos, Basilios and Pratikakis, Ioannis and Perantonis, Stavros J},
  booktitle={International Workshop on Document Analysis Systems},
  pages={102--113},
  year={2004},
  organization={Springer}
}
@inproceedings{neudecker2019ocr,
  title={OCR-D: An end-to-end open source OCR framework for historical printed documents},
  author={Neudecker, Clemens and Baierer, Konstantin and Federbusch, Maria and Boenig, Matthias and W{\"u}rzner, Kay-Michael and Hartmann, Volker and Herrmann, Elisa},
  booktitle={Proceedings of the 3rd International Conference on Digital Access to Textual Cultural Heritage},
  pages={53--58},
  year={2019}
}
@inproceedings{kiessling2019escripta,
  title={eScripta: A New Digital Platform for the Study of Historical Texts and Writing},
  author={Kiessling, Benjamin and Tissot, Robin and Ezra, Daniel St{\"o}kl Ben and Stokes, Peter},
  booktitle={Digital Humanities 2019},
  year={2019}
}

@article{reul2019ocr4all,
  title={OCR4all—An open-source tool providing a (semi-) automatic OCR workflow for historical printings},
  author={Reul, Christian and Christ, Dennis and Hartelt, Alexander and Balbach, Nico and Wehner, Maximilian and Springmann, Uwe and Wick, Christoph and Grundig, Christine and B{\"u}ttner, Andreas and Puppe, Frank},
  journal={Applied Sciences},
  volume={9},
  number={22},
  pages={4853},
  year={2019},
  publisher={Multidisciplinary Digital Publishing Institute}
}
@software{ocropus3,
  title = {OCRopus 3 document skew detection},
  url = {http://github.com/NVlabs/ocropus3-ocrorot},
  author = {Breuel, T.},
  date = {2018-05-29}
}
@article{dong2015boosting,
  author    = {Chao Dong and
               Ximei Zhu and
               Yubin Deng and
               Chen Change Loy and
               Yu Qiao},
  title     = {Boosting Optical Character Recognition: {A} Super-Resolution Approach},
  journal   = {CoRR},
  volume    = {abs/1506.02211},
  year      = {2015},
  archivePrefix = {arXiv},
  eprint    = {1506.02211},
  timestamp = {Mon, 13 Aug 2018 16:47:34 +0200},
  biburl    = {https://dblp.org/rec/journals/corr/DongZDLQ15.bib},
  bibsource = {dblp computer science bibliography, https://dblp.org}
}

@inproceedings{fu2019cascaded,
  title={Cascaded detail-preserving networks for super-resolution of document images},
  author={Fu, Zhichao and Kong, Yu and Zheng, Yingbin and Ye, Hao and Hu, Wenxin and Yang, Jing and He, Liang},
  booktitle={2019 International Conference on Document Analysis and Recognition (ICDAR)},
  pages={240--245},
  year={2019},
  organization={IEEE}
}
@inproceedings{lat2018enhancing,
  title={Enhancing ocr accuracy with super resolution},
  author={Lat, Ankit and Jawahar, CV},
  booktitle={2018 24th International Conference on Pattern Recognition (ICPR)},
  pages={3162--3167},
  year={2018},
  organization={IEEE}
}
@inproceedings{uzan2017qumran,
  title={Qumran Letter Restoration by Rotation and Reflection Modified PixelCNN},
  author={Uzan, Lior and Dershowitz, Nachum and Wolf, Lior},
  booktitle={2017 14th IAPR International Conference on Document Analysis and Recognition (ICDAR)},
  volume={1},
  pages={23--29},
  year={2017},
  organization={IEEE}
}
@inproceedings{shafait2008efficient,
  title={Efficient implementation of local adaptive thresholding techniques using integral images},
  author={Shafait, Faisal and Keysers, Daniel and Breuel, Thomas M},
  booktitle={Document recognition and retrieval XV},
  volume={6815},
  pages={681510},
  year={2008},
  organization={International Society for Optics and Photonics}
}

@software{scantailor,
  title = {ScanTailor},
  url = {https://scantailor.org},
  version = {0.9.9},
  date = {2020-12-16},
}
@inproceedings{cha2019fully,
  title={Fully convolutional pixel adaptive image denoiser},
  author={Cha, Sungmin and Moon, Taesup},
  booktitle={Proceedings of the IEEE International Conference on Computer Vision},
  pages={4160--4169},
  year={2019}
}
@inproceedings{laine2019high,
  title={High-quality self-supervised deep image denoising},
  author={Laine, Samuli and Karras, Tero and Lehtinen, Jaakko and Aila, Timo},
  booktitle={Advances in Neural Information Processing Systems},
  pages={6970--6980},
  year={2019}
}
@inproceedings{soltanayev2018training,
  title={Training deep learning based denoisers without ground truth data},
  author={Soltanayev, Shakarim and Chun, Se Young},
  booktitle={Advances in neural information processing systems},
  pages={3257--3267},
  year={2018}
}
@inproceedings{chen2018image,
  title={Image blind denoising with generative adversarial network based noise modeling},
  author={Chen, Jingwen and Chen, Jiawei and Chao, Hongyang and Yang, Ming},
  booktitle={Proceedings of the IEEE Conference on Computer Vision and Pattern Recognition},
  pages={3155--3164},
  year={2018}
}
@inproceedings{bloomberg1995measuring,
  title={Measuring document image skew and orientation},
  author={Bloomberg, Dan S and Kopec, Gary E and Dasari, Lakshmi},
  booktitle={Document Recognition II},
  volume={2422},
  pages={302--316},
  year={1995},
  organization={International Society for Optics and Photonics}
}
@article{singh2008hough,
  title={Hough transform based fast skew detection and accurate skew correction methods},
  author={Singh, Chandan and Bhatia, Nitin and Kaur, Amandeep},
  journal={Pattern Recognition},
  volume={41},
  number={12},
  pages={3528--3546},
  year={2008},
  publisher={Elsevier}
}
@article{amin2000document,
  title={A document skew detection method using the Hough transform},
  author={Amin, Adnan and Fischer, Stephen},
  journal={Pattern Analysis \& Applications},
  volume={3},
  number={3},
  pages={243--253},
  year={2000},
  publisher={Springer}
}
@inproceedings{dutta2018improving,
  title={Improving {CNN-RNN} hybrid networks for handwriting recognition},
  author={Dutta, Kartik and Krishnan, Praveen and Mathew, Minesh and Jawahar, CV},
  booktitle={2018 16th International Conference on Frontiers in Handwriting Recognition (ICFHR)},
  pages={80--85},
  year={2018},
  organization={IEEE}
}
@article{shi2016end,
  title={An end-to-end trainable neural network for image-based sequence recognition and its application to scene text recognition},
  author={Shi, Baoguang and Bai, Xiang and Yao, Cong},
  journal={IEEE transactions on pattern analysis and machine intelligence},
  volume={39},
  number={11},
  pages={2298--2304},
  year={2016},
  publisher={IEEE}
}

@article{stuner2016cohort,
  author    = {Bruno Stuner and
               Cl{\'{e}}ment Chatelain and
               Thierry Paquet},
  title     = {Cohort of {LSTM} and lexicon verification for handwriting recognition
               with gigantic lexi\-con},
  journal   = {CoRR},
  volume    = {abs/\-1612.07528},
  year      = {2016},
  archivePrefix = {arXiv},
  eprint    = {1612.07528},
  timestamp = {Mon, 13 Aug 2018 16:47:42 +0200},
  biburl    = {https://dblp.org/rec/journals/corr/StunerCP16.bib},
  bibsource = {dblp computer science bibliography, https://dblp.org}
}


@inproceedings{puigcerver2017multidimensional,
  title={Are multidimensional recurrent layers really necessary for handwritten text recognition?},
  author={Puigcerver, Joan},
  booktitle={2017 14th IAPR International Conference on Document Analysis and Recognition (ICDAR)},
  volume={1},
  pages={67--72},
  year={2017},
  organization={IEEE}
}
@inproceedings{tensmeyer2018language,
  title={Language model supervision for handwriting recognition model adaptation},
  author={Tensmeyer, Christopher and Wigington, Curtis and Davis, Brian and Stewart, Seth and Martinez, Tony and Barrett, William},
  booktitle={2018 16th International Conference on Frontiers in Handwriting Recognition (ICFHR)},
  pages={133--138},
  year={2018},
  organization={IEEE}
}
@inproceedings{keret2019transductive,
  title={Transductive Learning for Reading Handwritten Tibetan Manuscripts},
  author={Keret, Sivan and Wolf, Lior and Dershowitz, Nachum and Werner, Eric and Almogi, Orna and Wangchuk, Dorji},
  booktitle={2019 International Conference on Document Analysis and Recognition (ICDAR)},
  pages={214--221},
  year={2019},
  organization={IEEE}
}
@inproceedings{bluche2017gated,
  title={Gated convolutional recurrent neural networks for multilingual handwriting recognition},
  author={Bluche, Th{\'e}odore and Messina, Ronaldo},
  booktitle={2017 14th IAPR International Conference on Document Analysis and Recognition (ICDAR)},
  volume={1},
  pages={646--651},
  year={2017},
  organization={IEEE}
}
@inproceedings{michael2019evaluating,
  title={Evaluating sequence-to-sequence models for handwritten text recognition},
  author={Michael, Johannes and Labahn, Roger and Gr{\"u}ning, Tobias and Z{\"o}llner, Jochen},
  booktitle={2019 International Conference on Document Analysis and Recognition (ICDAR)},
  pages={1286--1293},
  year={2019},
  organization={IEEE}
}
@article{sueiras2018offline,
  title={Offline continuous handwriting recognition using sequence to sequence neural networks},
  author={Sueiras, Jorge and Ruiz, Victoria and Sanchez, Angel and Velez, Jose F},
  journal={Neurocomputing},
  volume={289},
  pages={119--128},
  year={2018},
  publisher={Elsevier}
}

@inproceedings{papandreou2011novel,
  title={A novel skew detection technique based on vertical projections},
  author={Papandreou, A and Gatos, Basilios},
  booktitle={2011 International Conference on Document Analysis and Recognition},
  pages={384--388},
  year={2011},
  organization={IEEE}
}
@inproceedings{masalovitch2007usage,
  title={Usage of continuous skeletal image representation for document images de-warping},
  author={Masalovitch, Anton and Mestetskiy, Leonid},
  booktitle={Proceedings of International Workshop on Camera-Based Document Analysis and Recognition, Curitiba},
  pages={45--53},
  year={2007}
}
@inproceedings{stamatopoulos2008two,
  title={A two-step dewarping of camera document images},
  author={Stamatopoulos, Nikolaos and Gatos, Basilis and Pratikakis, Ioannis and Perantonis, Stavros J},
  booktitle={2008 The Eighth IAPR International Workshop on Document Analysis Systems},
  pages={209--216},
  year={2008},
  organization={IEEE}
}
@inproceedings{zhang2003correcting,
  title={Correcting document image warping based on regression of curved text lines},
  author={Zhang, Zheng and Tan, Chew Lim},
  booktitle={Seventh International Conference on Document Analysis and Recognition, 2003. Proceedings.},
  pages={589--593},
  year={2003},
  organization={IEEE}
}
@inproceedings{das2019dewarpnet,
  title={DewarpNet: Single-Image Document Unwarping With Stacked 3D and 2D Regression Networks},
  author={Das, Sagnik and Ma, Ke and Shu, Zhixin and Samaras, Dimitris and Shilkrot, Roy},
  booktitle={Proceedings of the IEEE International Conference on Computer Vision},
  pages={131--140},
  year={2019}
}
@inproceedings{ulges2005document,
  title={Document image dewarping using robust estimation of curled text lines},
  author={Ulges, Adrian and Lampert, Christoph H and Breuel, Thomas M},
  booktitle={Eighth International Conference on Document Analysis and Recognition (ICDAR'05)},
  pages={1001--1005},
  year={2005},
  organization={IEEE}
}
@inproceedings{ma2018docunet,
  title={Docunet: document image unwarping via a stacked U-Net},
  author={Ma, Ke and Shu, Zhixin and Bai, Xue and Wang, Jue and Samaras, Dimitris},
  booktitle={Proceedings of the IEEE Conference on Computer Vision and Pattern Recognition},
  pages={4700--4709},
  year={2018}
}
@inproceedings{he2017multi,
  title={Multi-scale multi-task fcn for semantic page segmentation and table detection},
  author={He, Dafang and Cohen, Scott and Price, Brian and Kifer, Daniel and Giles, C Lee},
  booktitle={2017 14th IAPR International Conference on Document Analysis and Recognition (ICDAR)},
  volume={1},
  pages={254--261},
  year={2017},
  organization={IEEE}
}
@inproceedings{monnier2020docextractor,
  title={docExtractor: An off-the-shelf historical document element extraction},
  author={Monnier, Tom and Aubry, Mathieu},
  booktitle={2020 17th International Conference on Frontiers in Handwriting Recognition (ICFHR)},
  pages={91--96},
  year={2020},
  organization={IEEE}
}
@inproceedings{chen2017convolutional,
  title={Convolutional neural networks for page segmentation of historical document images},
  author={Chen, Kai and Seuret, Mathias and Hennebert, Jean and Ingold, Rolf},
  booktitle={2017 14th IAPR International Conference on Document Analysis and Recognition (ICDAR)},
  volume={1},
  pages={965--970},
  year={2017},
  organization={IEEE}
}
@inproceedings{meunier2005optimized,
  title={Optimized xy-cut for determining a page reading order},
  author={Meunier, J-L},
  booktitle={Eighth International Conference on Document Analysis and Recognition (ICDAR'05)},
  pages={347--351},
  year={2005},
  organization={IEEE}
}
@inproceedings{ishitani2003document,
  title={Document transformation system from papers to XML data based on pivot XML document method},
  author={Ishitani, Yasuto},
  booktitle={Seventh International Conference on Document Analysis and Recognition, 2003. Proceedings.},
  pages={250--255},
  year={2003},
  organization={IEEE}
}
@article{nagy1984hierarchical,
  title={Hierarchical representation of optically scanned documents},
  author={Nagy, George and Seth, Sharad C},
  year={1984}
}
@Article{AielloIJDAR2002,
  author       = "Aiello, M. and Monz, C. and Todoran, L. and Worring, M.",
  title        = {{Document Understanding for a Broad Class of Documents}},
  journal      = "International Journal on Document Analysis and Recognition",
  number       = "1",
  volume       = "5",
  pages        = "1--16",
  year         = "2002",
}
@INPROCEEDINGS{5277715,
  author={R. W. {Smith}},
  booktitle={2009 10th International Conference on Document Analysis and Recognition},
  title={Hybrid Page Layout Analysis via Tab-Stop Detection},
  year={2009},
  volume={},
  number={},
  pages={241-245},
  doi={10.1109/ICDAR.2009.257}
}
@incollection{malerba2008machine,
  title={Machine learning for reading order detection in document image understanding},
  author={Malerba, Donato and Ceci, Michelangelo and Berardi, Margherita},
  booktitle={Machine Learning in Document Analysis and Recognition},
  pages={45--69},
  year={2008},
  publisher={Springer}
}
@article{weichselbaumer2020new,
  title={New Approaches to OCR for Early Printed Books},
  author={Weichselbaumer, Nikolaus and Seuret, Mathias and Limbach, Saskia and Dong, Rui and Burghardt, Manuel and Christlein, Vincent},
  journal={DigItalia},
  volume={2},
  pages={74--87},
  year={2020}
}

@inproceedings{dejean2019versatile,
  title={Versatile Layout Understanding via Conjugate Graph},
  author={D{\'e}jean, Herv{\'e} and Meunier, Jean-Luc and others},
  booktitle={2019 International Conference on Document Analysis and Recognition (ICDAR)},
  pages={287--294},
  year={2019},
  organization={IEEE}
}
@article{Breuel03highperformance,
    author = {Thomas M. Breuel},
    title = {High Performance Document Layout Analysis},
    year = {2003}
}
@article{Gao,
	author = {Gao, Liangcai and Tang, Zhi and Lin, Xiaoyan and Wang, Yongtao},
	title = {A graph-based method of newspaper article reconstruction},
	year = {2012}
}
@article{quiros2018multi,
title={Multi-task handwritten document layout analysis},
  author={Quir{\'o}s, Lorenzo},
  journal={arXiv arX\-iv:1806.08852},
  year={2018}
}

@inproceedings{mechi2019text,
  title={Text line segmentation in historical document images using an adaptive U-Net architecture},
  author={Mechi, Olfa and Mehri, Maroua and Ingold, Rolf and Amara, Najoua Essoukri Ben},
  booktitle={2019 International Conference on Document Analysis and Recognition (ICDAR)},
  pages={369--374},
  year={2019},
  organization={IEEE}
}
@article{borse2014language,
  title={Language Independent Text-Line Extraction Algorithm for Handwritten Documents},
  author={Borse, Nikita Vijay and Shaikh, Imran R},
  journal={International Journal},
  volume={4},
  number={11},
  year={2014}
}
@inproceedings{khayyat2012arabic,
  title={Arabic handwritten text line extraction by applying an adaptive mask to morphological dilation},
  author={Khayyat, Muna and Lam, Louisa and Suen, Ching Y and Yin, Fei and Liu, Cheng-Lin},
  booktitle={2012 10th IAPR International Workshop on Document Analysis Systems},
  pages={100--104},
  year={2012},
  organization={IEEE}
}
@inproceedings{garz2012binarization,
  title={Binarization-free text line segmentation for historical documents based on interest point clustering},
  author={Garz, Angelika and Fischer, Andreas and Sablatnig, Robert and Bunke, Horst},
  booktitle={2012 10th IAPR International Workshop on Document Analysis Systems},
  pages={95--99},
  year={2012},
  organization={IEEE}
}
@inproceedings{arvanitopoulos2014seam,
  title={Seam carving for text line extraction on color and grayscale historical manuscripts},
  author={Arvanitopoulos, Nikolaos and S{\"u}sstrunk, Sabine},
  booktitle={2014 14th International Conference on Frontiers in Handwriting Recognition},
  pages={726--731},
  year={2014},
  organization={IEEE}
}
@inproceedings{moysset2015paragraph,
  title={Paragraph text segmentation into lines with recurrent neural networks},
  author={Moysset, Bastien and Kermorvant, Christopher and Wolf, Christian and Louradour, J{\'e}r{\^o}me},
  booktitle={2015 13th International Conference on Document Analysis and Recognition (ICDAR)},
  pages={456--460},
  year={2015},
  organization={IEEE}
}
@inproceedings{diem2013text,
  title={Text line detection for heterogeneous documents},
  author={Diem, Markus and Kleber, Florian and Sablatnig, Robert},
  booktitle={2013 12th International Conference on Document Analysis and Recognition},
  pages={743--747},
  year={2013},
  organization={IEEE}
}

@inproceedings{breuel2013high,
  title={High-per\-form\-ance {OCR} for printed {English} and {Fraktur} using {LSTM} networks},
  author={Breuel, Thomas M and Ul-Hasan, Adnan and Al-Azawi, Mayce Ali and Shafait, Faisal},
  booktitle={2013 12th international conference on document analysis and recognition},
  pages={683--687},
  year={2013},
  organization={IEEE}
}

@article{ahn2017textline,
  title={Textline detection in degraded historical document images},
  author={Ahn, Byeongyong and Ryu, Jewoong and Koo, Hyung Il and Cho, Nam Ik},
  journal={EURASIP Journal on Image and Video Processing},
  volume={2017},
  number={1},
  pages={82},
  year={2017},
  publisher={Springer}
}
@inproceedings{gruuening2017robust,
  title={A robust and bin\-ar\-iz\-a\-tion-free approach for text line detection in historical documents},
  author={Gruuening, Tobias and Leifert, Gundram and Strauss, Tobias and Labahn, Roger},
  booktitle={2017 14th IAPR International Conference on Document Analysis and Recognition (ICDAR)},
  volume={1},
  pages={236--241},
  year={2017},
  organization={IEEE}
}
@inproceedings{romain2019semi,
  title={{Semi-supervised learning through adversary networks for baseline detection}},
  author={Romain, Karpinski and Abdel, Belaid},
  booktitle={2019 International Conference on Document Analysis and Recognition Workshops (ICDARW)},
  volume={5},
  pages={128--133},
  year={2019},
  organization={IEEE}
}
@inproceedings{melnikov2020fast,
  title={{Fast and Lightweight Text Line Detection on Historical Documents}},
  author={Melnikov, Aleksei and Zagaynov, Ivan},
  booktitle={International Workshop on Document Analysis Systems},
  pages={441--450},
  year={2020},
  organization={Springer}
}
@article{saabni2014text,
  title={Text line extraction for historical document images},
  author={Saabni, Raid and Asi, Abedelkadir and El-Sana, Jihad},
  journal={Pattern Recognition Letters},
  volume={35},
  pages={23--33},
  year={2014},
  publisher={Elsevier}
}
@article{ouwayed2012general,
  title={A general approach for multi-oriented text line extraction of handwritten documents},
  author={Ouwayed, Nazih and Bela{\"\i}d, Abdel},
  journal={International Journal on Document Analysis and Recognition (IJDAR)},
  volume={15},
  number={4},
  pages={297--314},
  year={2012},
  publisher={Springer}
}
@article{binmakhashen2019document,
  author    = {Galal M. BinMakhashen and
               Sabri A. Mahmoud},
  title     = {{Document Layout Analysis: A Comprehensive Survey}},
  journal   = {{ACM} Computing Survey},
  volume    = {52},
  number    = {6},
  pages     = {109:1--109:36},
  year      = {2020},
  doi       = {10.1145/3355610},
  timestamp = {Fri, 24 Jan 2020 16:59:44 +0100},
  biburl    = {https://dblp.org/rec/journals/csur/BinMakhashenM20.bib},
  bibsource = {dblp computer science bibliography, https://dblp.org}
}

	
@article{eskenazi:hal-01388088,
  TITLE = {{A comprehensive survey of mostly textual document segmentation algorithms since 2008}},
  AUTHOR = {Eskenazi, S{\'e}bastien and Gomez-Kr{\"a}mer, Petra and Ogier, Jean-Marc},
  JOURNAL = {{Pattern Recognition}},
  PUBLISHER = {{Elsevier}},
  VOLUME = {64},
  PAGES = {1-14},
  YEAR = {2017},
  MONTH = Apr,
  DOI = {10.1016/j.patcog.2016.10.023},
  KEYWORDS = {Document ; Segmentation ; Survey ; Evaluation ; Trends ; Typology},
  HAL_ID = {hal-01388088},
  HAL_VERSION = {v1},
}
@article{nagy2000twenty,
  author    = {George Nagy},
  title     = {{Twenty Years of Document Image Analysis in PAMI}},
  journal   = {{IEEE} Transactions on Pattern Analysis and Machine Intelligence},
  volume    = {22},
  number    = {1},
  pages     = {38--62},
  year      = {2000},
  doi       = {10.1109/34.824820},
  timestamp = {Fri, 27 Dec 2019 21:19:16 +0100},
  biburl    = {https://dblp.org/rec/journals/pami/Nagy00.bib},
  bibsource = {dblp computer science bibliography, https://dblp.org}
}
	
@inproceedings{smith2007overview,
  author    = {R. Smith},
  title     = {{An Overview of the Tesseract OCR Engine}},
  booktitle = {9th International Conference on Document Analysis and Recognition
               {(ICDAR} 2007), 23-26 September, Curitiba, Paran{\'{a}}, Brazil},
  pages     = {629--633},
  publisher = {{IEEE} Computer Society},
  year      = {2007},
  doi       = {10.1109/ICDAR.2007.4376991},
  timestamp = {Wed, 16 Oct 2019 14:14:54 +0200},
  biburl    = {https://dblp.org/rec/conf/icdar/Smith07.bib},
  bibsource = {dblp computer science bibliography, https://dblp.org}
}

	
@article{alginahi2013survey,
  author    = {Yasser M. Alginahi},
  title     = {{A survey on Arabic character segmentation}},
  journal   = {International Journal of Document Analysis and Recognition},
  volume    = {16},
  number    = {2},
  pages     = {105--126},
  year      = {2013},
  doi       = {10.1007/s10032-012-0188-6},
  timestamp = {Thu, 13 Aug 2020 12:42:20 +0200},
  biburl    = {https://dblp.org/rec/journals/ijdar/Alginahi13.bib},
  bibsource = {dblp computer science bibliography, https://dblp.org}
}
	
@article{casey1996survey,
  author    = {Richard G. Casey and
               Eric Lecolinet},
  title     = {{A Survey of Methods and Strategies in Character Segmentation}},
  journal   = {{IEEE} Transactions on Pattern Analysis and Machine Intelligence},
  volume    = {18},
  number    = {7},
  pages     = {690--706},
  year      = {1996},
  doi       = {10.1109/34.506792},
  timestamp = {Wed, 17 May 2017 10:56:22 +0200},
  biburl    = {https://dblp.org/rec/journals/pami/CaseyL96.bib},
  bibsource = {dblp computer science bibliography, https://dblp.org}
}

	
@inproceedings{arivazhagan2007statistical,
  author    = {Manivannan Arivazhagan and
               Harish Srinivasan and
               Sargur N. Srihari},
  editor    = {Xiaofan Lin and
               Berrin A. Yanikoglu},
  title     = {{A statistical approach to line segmentation in handwritten documents}},
  booktitle = {Document Recognition and Retrieval XIV, San Jose, California, USA,
               January 30 - February 1, 2007},
  series    = {{SPIE} Proceedings},
  volume    = {6500},
  pages     = {65000T},
  publisher = {{SPIE}},
  year      = {2007},
  doi       = {10.1117/12.704538},
  timestamp = {Wed, 24 May 2017 08:29:56 +0200},
  biburl    = {https://dblp.org/rec/conf/drr/ArivazhaganSS07.bib},
  bibsource = {dblp computer science bibliography, https://dblp.org}
}

	
@article{papavassiliou2010handwritten,
  author    = {Vassilis Papavassiliou and
               Themos Stafylakis and
               Vassilis Katsouros and
               George Carayannis},
  title     = {Handwritten document image segmentation into text lines and words},
  journal   = {Pattern Recognition},
  volume    = {43},
  number    = {1},
  pages     = {369--377},
  year      = {2010},
  doi       = {10.1016/j.patcog.2009.05.007},
  timestamp = {Mon, 24 Feb 2020 08:30:00 +0100},
  biburl    = {https://dblp.org/rec/journals/pr/PapavassiliouSKC10.bib},
  bibsource = {dblp computer science bibliography, https://dblp.org}
}
	
@inproceedings{zahour2001arabic,
  author    = {Abderrazak Zahour and
               Bruno Taconet and
               P. Mercy and
               Said Ramdane},
  title     = {{Arabic Hand-Written Text-Line Extraction}},
  booktitle = {6th International Conference on Document Analysis and Recognition
               {(ICDAR} 2001), 10-13 September 2001, Seattle, WA, {USA}},
  pages     = {281--285},
  publisher = {{IEEE} Computer Society},
  year      = {2001},
  doi       = {10.1109/ICDAR.2001.953799},
  timestamp = {Wed, 16 Oct 2019 14:14:54 +0200},
  biburl    = {https://dblp.org/rec/conf/icdar/ZahourTMR01.bib},
  bibsource = {dblp computer science bibliography, https://dblp.org}
}
	
@inproceedings{antonacopoulos2004document,
  author    = {Apostolos Antonacopoulos and
               Dimosthenis Karatzas},
  title     = {{Document Image Analysis for World War II Personal Records}},
  booktitle = {1st International Workshop on Document Image Analysis for Libraries
               {(DIAL} 2004), 23-24 January 2004, Palo Alto, CA, {USA}},
  pages     = {336--341},
  publisher = {{IEEE} Computer Society},
  year      = {2004},
  doi       = {10.1109/DIAL.2004.1263263},
  timestamp = {Wed, 16 Oct 2019 14:14:53 +0200},
  biburl    = {https://dblp.org/rec/conf/dial/AntonacopoulosK04.bib},
  bibsource = {dblp computer science bibliography, https://dblp.org}
}
	
@inproceedings{zhang2014text,
  author    = {Xi Zhang and
               Chew Lim Tan},
  title     = {{Text Line Segmentation for Handwritten Documents Using Constrained
               Seam Carving}},
  booktitle = {14th International Conference on Frontiers in Handwriting Recognition,
               {ICFHR} 2014, Crete, Greece, September 1-4, 2014},
  pages     = {98--103},
  publisher = {{IEEE} Computer Society},
  year      = {2014},
  doi       = {10.1109/ICFHR.2014.24},
  timestamp = {Wed, 16 Oct 2019 14:14:55 +0200},
  biburl    = {https://dblp.org/rec/conf/icfhr/ZhangT14.bib},
  bibsource = {dblp computer science bibliography, https://dblp.org}
}


@article{tseng1999recognition,
  author    = {Yi{-}Hong Tseng and
               Hsi{-}Jian Lee},
  title     = {{Recognition-based handwritten Chinese character segmentation using
               a probabilistic Viterbi algorithm}},
  journal   = {Pattern Recognit. Lett.},
  volume    = {20},
  number    = {8},
  pages     = {791--806},
  year      = {1999},
  doi       = {10.1016/S0167-8655(99)00043-4},
  timestamp = {Sat, 22 Feb 2020 19:32:02 +0100},
  biburl    = {https://dblp.org/rec/journals/prl/TsengL99.bib},
  bibsource = {dblp computer science bibliography, https://dblp.org}
}


@INPROCEEDINGS{6065274,

  author={C. {Clausner} and S. {Pletschacher} and A. {Antonacopoulos}},

  booktitle={2011 International Conference on Document Analysis and Recognition},

  title={Aletheia - An Advanced Document Layout and Text Ground-Truthing System for Production Environments},

  year={2011},

  volume={},

  number={},

  pages={48-52},

  doi={10.1109/ICDAR.2011.19}}
@article{srihari1989analysis,
  title={Analysis of textual images using the Hough transform},
  author={Srihari, Sargur N and Govindaraju, Venugopal},
  journal={Machine vision and Applications},
  volume={2},
  number={3},
  pages={141--153},
  year={1989},
  publisher={Springer}
}

@article{souhar2017segmentation,
  author    = {Abdelghani Souhar and
               Youssef Boulid and
               El Bachir Ameur and
               Mly. M. Ouagague},
  title     = {{Segmentation of Arabic Handwritten Documents into Text Lines using
               Watershed Transform}},
  journal   = {International Journal of Interactive Multimedia and Artifical Intelligence},
  volume    = {4},
  number    = {6},
  pages     = {96--102},
  year      = {2017},
  doi       = {10.9781/ijimai.2017.08.002},
  timestamp = {Tue, 29 Sep 2020 11:01:27 +0200},
  biburl    = {https://dblp.org/rec/journals/ijimai/SouharBAO17.bib},
  bibsource = {dblp computer science bibliography, https://dblp.org}
}

@inproceedings{marti2001influence,
  author    = {Urs{-}Viktor Marti and
               Horst Bunke},
  title     = {{On the Influence of Vocabulary Size and Language Models in Unconstrained
               Handwritten Text Recognition}},
  booktitle = {6th International Conference on Document Analysis and Recognition
               {(ICDAR} 2001), 10-13 September 2001, Seattle, WA, {USA}},
  pages     = {260--265},
  publisher = {{IEEE} Computer Society},
  year      = {2001},
  doi       = {10.1109/ICDAR.2001.953795},
  timestamp = {Wed, 16 Oct 2019 14:14:54 +0200},
  biburl    = {https://dblp.org/rec/conf/icdar/MartiB01a.bib},
  bibsource = {dblp computer science bibliography, https://dblp.org}
}

@inproceedings{long2015fully,
  title={Fully convolutional networks for semantic segmentation},
  author={Long, Jonathan and Shelhamer, Evan and Darrell, Trevor},
  booktitle={Proceedings of the IEEE conference on computer vision and pattern recognition},
  pages={3431--3440},
  year={2015}
}
@article{sauvola2000adaptive,
  title={Adaptive document image binarization},
  author={Sauvola, Jaakko and Pietik{\"a}inen, Matti},
  journal={{Pattern Recognition}},
  volume={33},
  number={2},
  pages={225--236},
  year={2000},
  publisher={Elsevier}
}
@article{carpentry,
	title={Data carpentry is a skilled, hands-on craft which will form a major part of data science in the future},
	author={Mimno, David},
	year={2014},
	URL={https://blogs.lse.ac.uk/impactofsocialsciences/2014/09/01/data-carpentry-skilled-craft-data-science/}
}

@article{DBLP:journals/corr/abs-1803-08494,
  author    = {Yuxin Wu and
               Kaiming He},
  title     = {Group Normalization},
  journal   = {CoRR},
  volume    = {abs/1803.08494},
  year      = {2018},
  archivePrefix = {arXiv},
  eprint    = {1803.08494},
  timestamp = {Mon, 13 Aug 2018 16:47:02 +0200},
  biburl    = {https://dblp.org/rec/bib/journals/corr/abs-1803-08494},
  bibsource = {dblp computer science bibliography, https://dblp.org}
}
@online{ocrdtrans,
  year = {2019},
  author = {{OCR-D}},
  title = {The Ground-Truth Guidelines},
  url = {https://ocr-d.de/en/gt-guidelines/trans}
}
@online{ocropy3,
  author = {Breuel, T.},
  title = {{OCRopus 3}},
  url = {https://github.com/tmbdev/ocropy3-docker}
}
@online{ocropy,
  author = {Breuel, T.},
  title = {{OCRopy}},
  url = {https://github.com/tmbdev/ocropy}
}
@online{corpusbuilder,
  title = {{corpusbuilder}},
  url = {https://github.com/berkmancenter/corpusbuilder}
}
@inproceedings{walker2018web,
  title={A web-based ocr service for documents},
  author={Walker, Jake and Fujii, Yasuhisa and Popat, Ashok C},
  booktitle={Proceedings of the 13th IAPR International Workshop on Document Analysis Systems (DAS), Vienna, Austria},
  volume={1},
  year={2018}
}
@inproceedings{ingle2019scalable,
  author    = {R. Reeve Ingle and
               Yasuhisa Fujii and
               Thomas Deselaers and
               Jonathan Baccash and
               Ashok C. Popat},
  title     = {{A Scalable Handwritten Text Recognition System}},
  booktitle = {2019 International Conference on Document Analysis and Recognition,
               {ICDAR} 2019, Sydney, Australia, September 20-25, 2019},
  pages     = {17--24},
  publisher = {{IEEE}},
  year      = {2019},
  doi       = {10.1109/ICDAR.2019.00013},
  timestamp = {Tue, 04 Feb 2020 13:28:39 +0100},
  biburl    = {https://dblp.org/rec/conf/icdar/IngleFDBP19.bib},
  bibsource = {dblp computer science bibliography, https://dblp.org}
}


@online{monk,
  author = {Schmaker, L},
  title = {Monk},
  url = {https://monkweb.nl}
}
@article{schomaker2016design,
  author    = {Lambert Schomaker},
  title     = {{Design considerations for a large-scale image-based text search engine
               in historical manuscript collections}},
  journal   = {it Information Technology},
  volume    = {58},
  number    = {2},
  pages     = {80--88},
  year      = {2016},
  timestamp = {Fri, 06 Mar 2020 21:55:32 +0100},
  biburl    = {https://dblp.org/rec/journals/it/Schomaker16.bib},
  bibsource = {dblp computer science bibliography, https://dblp.org}
}

@online{stokes2020escriptorium,
  author = {Stokes, P.A.},
  year = {2020},
  title = {{eScriptorium}: un outil pour la transcription automatique des documents},
  url = {https://ephenum.hypotheses.org/1412}
}
@online{stokes2020videos,
  author = {Stokes, P.A.},
  year = {2020},
  title = {{eScriptorium} 1-6},
  url = {https://vimeo.com/channels/1602497}
}
@inproceedings{unsworth2000scholarly,
  title={Scholarly primitives: What methods do humanities re\-search\-ers have in common, and how might our tools reflect this},
  author={Unsworth, John},
  booktitle={Symposium on Humanities Computing: Formal Methods, Experimental Practice. King’s College, London},
  volume={13},
  pages={5--00},
  year={2000}
}
@article{miles2009skos,
  title={{SKOS} simple knowledge organization system reference},
  author={Miles, Alistair and Bechhofer, Sean},
  journal={W3C recommendation},
  year={2009},
  publisher={World Wide Web Consortium}
}
@online{epidoc,
  author = {Elliott, Tom and Bodard, Gabriel, and Cayless, Hugh},
  year = {{2006--2020}},
  title = {EpiDoc: Epigraphic Documents in TEI XML},
  url = {http://epidoc.stoa.org/}
}
@online{rasm2019res,
	author = {Keinan-Schoonbaert, Adi},
        year = {2019},
	title = {Results of the {RASM2019} Competition on Recognition of Historical Arabic Scientific Manuscripts},
        url = {https://blogs.bl.uk/digital-scholarship/2019/09/rasm2019-results.html},
	urldate = {2019-09-13}
}
@book{soa0,
	title={Al-Buldān},
	author={{Ibn al-Faqīh (d. 365/975)}},
	publisher={{ʿĀlam al-Kutub}},
	editor={{Yūsuf al-Hādī}},
	year={1996}
}
@book{soa1,
	title={Al-Kāmil fī al-taʾrīkh},
	author={{Ibn al-Athīr (d. 630/1232)}},
	publisher={Dār al-Kutub al-ʿIlmiyya},
	editor={{ʿAbd Allāh al-Qāḍī}},
	year={{1415/1994}}
}
@book{soa2,
	title={Adab al-kātib},
	author={{Ibn Qutayba (d. 276/889)}},
	publisher={Muʾassasat al-Risāla},
	editor={{Muḥammad al-Dālī}},
}
@book{soa3,
	title={Al-Ḥayawān},
	author={al-Jāḥiẓ (d. 255/868)},
	publisher={Dār al-Kutub al-ʿIlmiyya},
	year={{1424/2003}}
}
@book{soa4,
	title={Al-Taʿrīkh},
	author={{al-Yaʿqūbī (d. 292/904)}},
	publisher={Dār Ṣādir},
}
@book{soa5,
	title={Taʾrīkh al-Islām.},
	author={{al-Dhahabī (d. 748/1347)}},
	editor={{Al-Maktaba al-Tawfīqiyya}}
}
@book{soa6,
	title={Al-Muntaẓam.},
	author={{Ibn al-Jawzī (d. 597/1201)}},
	publisher={Dār al-Kutub al-ʿIlmiyya},
	editor={{Muḥammad al-Qādir ʿAṭā, Muṣṭafá al-Qādir ʿAṭā.}},
	year={{1412/1992}}
}


@book{schaefer2006enigmatic,
  title={Enigmatic charms: medieval Arabic block printed amulets in American and European libraries and museums},
  author={Schaefer, Karl R},
  volume={82},
  year={2006},
  publisher={Handbook of Oriental Studies}
}

@online{rasm2020trans,
	author = {Keinan-Schoonbaert, Adi},
        year = {2020},
	title = {Using Transkribus for Arabic Handwritten Text Recognition},
        url = {https://blogs.bl.uk/digital-scholarship/2020/01/using-transkribus-for-arabic-handwritten-text-recognition.html},
	urldate = {2020-01-20}
}

@online{typewright,
  title = {TypeWright,  a tool for correcting the text-version of a document made up of page images},
  year = 2013,
  url = {https://18thconnect.org/typewright},
  urldate = {2021-01-20}
}
@online{webaletheia,
  author = {Clausner, Christian},
  title = {Webaletheia - A web based version of the Aletheia ground truthing system},
  year = 2014,
  url = {https://www.primaresearch.org/tools/WebAletheia},
  urldate = {2021-01-20}
}
@online{aletheia,
  title = {Aletheia},
  year = 2014,
  url = {https://www.primaresearch.org/tools/Aletheia},
}
@online{tesseract4,
  title = {Tesseract 4.0},
  url = {https://github.com/tesseract-ocr/tesseract},
}

@inproceedings{reul2017larex,
  title={{LAREX}: A semi-automatic open-source tool for layout analysis and region extraction on early printed books},
  author={Reul, Christian and Springmann, Uwe and Puppe, Frank},
  booktitle={Proceedings of the 2nd International Conference on Digital Access to Textual Cultural Heritage},
  pages={137--142},
  year={2017}
}

@online{transcribr,
  author = {Schiller, Adam},
  title = {Transcribr - A Transformer-based handwriting recognition architecture},
  year = 2020,
  url = {https://towardsdatascience.com/transcribr-9861c8de2f79},
  urldate = {2020-12-16}
}
@inproceedings{bluche2016joint,
  author    = {Th{\'{e}}odore Bluche},
  editor    = {Daniel D. Lee and
               Masashi Sugiyama and
               Ulrike von Luxburg and
               Isabelle Guyon and
               Roman Garnett},
  title     = {Joint Line Segmentation and Transcription for End-to-End Handwritten
               Paragraph Recognition},
  booktitle = {Advances in Neural Information Processing Systems 29: Annual Conference
               on Neural Information Processing Systems 2016, December 5-10, 2016,
               Barcelona, Spain},
  pages     = {838--846},
  year      = {2016},
  timestamp = {Thu, 21 Jan 2021 15:15:21 +0100},
  biburl    = {https://dblp.org/rec/conf/nips/Bluche16.bib},
  bibsource = {dblp computer science bibliography, https://dblp.org}
}


@INPROCEEDINGS{8270105,
  author={T. {Bluche} and J. {Louradour} and R. {Messina}},
  booktitle={2017 14th IAPR International Conference on Document Analysis and Recognition (ICDAR)}, 
  title={{Scan, Attend and Read: End-to-End Handwritten Paragraph Recognition with MDLSTM Attention}}, 
  year={2017},
  volume={01},
  number={},
  pages={1050-1055},
  doi={10.1109/ICDAR.2017.174}
}
@article{wu2020visual,
  author    = {Bichen Wu and
               Chenfeng Xu and
               Xiaoliang Dai and
               Alvin Wan and
               Peizhao Zhang and
               Masayoshi Tomizuka and
               Kurt Keutzer and
               Peter Vajda},
  title     = {{Visual Transformers: Token-based Image Representation and Processing
               for Computer Vision}},
  journal   = {CoRR},
  volume    = {abs/2006.03677},
  year      = {2020},
  archivePrefix = {arXiv},
  eprint    = {2006.03677},
  timestamp = {Fri, 12 Jun 2020 14:02:57 +0200},
  biburl    = {https://dblp.org/rec/journals/corr/abs-2006-03677.bib},
  bibsource = {dblp computer science bibliography, https://dblp.org}
}
@article{goodfellow2014generative,
  author    = {Ian J. Goodfellow and
               Jean Pouget{-}Abadie and
               Mehdi Mirza and
               Bing Xu and
               David Warde{-}Farley and
               Sherjil Ozair and
               Aaron C. Courville and
               Yoshua Bengio},
  editor    = {Zoubin Ghahramani and
               Max Welling and
               Corinna Cortes and
               Neil D. Lawrence and
               Kilian Q. Weinberger},
  title     = {{Generative Adversarial Nets}},
  booktitle = {Advances in Neural Information Processing Systems 27: Annual Conference
               on Neural Information Processing Systems 2014, December 8-13 2014,
               Montreal, Quebec, Canada},
  pages     = {2672--2680},
  year      = {2014},
  timestamp = {Thu, 21 Jan 2021 15:15:23 +0100},
  biburl    = {https://dblp.org/rec/conf/nips/GoodfellowPMXWOCB14.bib},
  bibsource = {dblp computer science bibliography, https://dblp.org}
}

@inproceedings{CycleGAN2017,
  author    = {Jun{-}Yan Zhu and
               Taesung Park and
               Phillip Isola and
               Alexei A. Efros},
  title     = {{Unpaired Image-to-Image Translation Using Cycle-Consistent Adversarial
               Networks}},
  booktitle = {{IEEE} International Conference on Computer Vision, {ICCV} 2017, Venice,
               Italy, October 22-29, 2017},
  pages     = {2242--2251},
  publisher = {{IEEE} Computer Society},
  year      = {2017},
  doi       = {10.1109/ICCV.2017.244},
  timestamp = {Wed, 16 Oct 2019 14:14:51 +0200},
  biburl    = {https://dblp.org/rec/conf/iccv/ZhuPIE17.bib},
  bibsource = {dblp computer science bibliography, https://dblp.org}
}


@article{reed2016generative,
  author    = {Scott E. Reed and
               Zeynep Akata and
               Xinchen Yan and
               Lajanugen Logeswaran and
               Bernt Schiele and
               Honglak Lee},
  editor    = {Maria{-}Florina Balcan and
               Kilian Q. Weinberger},
  title     = {{Generative Adversarial Text to Image Synthesis}},
  booktitle = {Proceedings of the 33nd International Conference on Machine Learning,
               {ICML} 2016, New York City, NY, USA, June 19-24, 2016},
  series    = {{JMLR} Workshop and Conference Proceedings},
  volume    = {48},
  pages     = {1060--1069},
  publisher = {JMLR.org},
  year      = {2016},
  timestamp = {Wed, 29 May 2019 08:41:46 +0200},
  biburl    = {https://dblp.org/rec/conf/icml/ReedAYLSL16.bib},
  bibsource = {dblp computer science bibliography, https://dblp.org}
}

@inproceedings{he2015delving,
  author    = {Kaiming He and
               Xiangyu Zhang and
               Shaoqing Ren and
               Jian Sun},
  title     = {{Delving Deep into Rectifiers: Surpassing Human-Level Performance on
               ImageNet Classification}},
  booktitle = {2015 {IEEE} International Conference on Computer Vision, {ICCV} 2015,
               Santiago, Chile, December 7-13, 2015},
  pages     = {1026--1034},
  publisher = {{IEEE} Computer Society},
  year      = {2015},
  doi       = {10.1109/ICCV.2015.123},
  timestamp = {Wed, 16 Oct 2019 14:14:51 +0200},
  biburl    = {https://dblp.org/rec/conf/iccv/HeZRS15.bib},
  bibsource = {dblp computer science bibliography, https://dblp.org}
}


@inproceedings{fink2018baseline,
  author    = {Michael Fink and
               Thomas Layer and
               Georg Mackenbrock and
               Michael Sprinzl},
  title     = {{Baseline Detection in Historical Documents Using Convolutional U-Nets}},
  booktitle = {13th {IAPR} International Workshop on Document Analysis Systems, {DAS}
               2018, Vienna, Austria, April 24-27, 2018},
  pages     = {37--42},
  publisher = {{IEEE} Computer Society},
  year      = {2018},
  doi       = {10.1109/DAS.2018.34},
  timestamp = {Wed, 16 Oct 2019 14:14:55 +0200},
  biburl    = {https://dblp.org/rec/conf/das/FinkLMS18.bib},
  bibsource = {dblp computer science bibliography, https://dblp.org}
}

@inproceedings{barakat2018text,
  author    = {Berat Kurar Barakat and
               Ahmad Droby and
               Majeed Kassis and
               Jihad El{-}Sana},
  title     = {{Text Line Segmentation for Challenging Handwritten Document Images
               using Fully Convolutional Network}},
  booktitle = {16th International Conference on Frontiers in Handwriting Recognition,
               {ICFHR} 2018, Niagara Falls, NY, USA, August 5-8, 2018},
  pages     = {374--379},
  publisher = {{IEEE} Computer Society},
  year      = {2018},
  doi       = {10.1109/ICFHR-2018.2018.00072},
  timestamp = {Sat, 19 Oct 2019 20:04:13 +0200},
  biburl    = {https://dblp.org/rec/conf/icfhr/BarakatDKE18.bib},
  bibsource = {dblp computer science bibliography, https://dblp.org}
}
	
@article{gatos2011icdar2009,
  author    = {Basilios Gatos and
               Nikolaos Stamatopoulos and
               Georgios Louloudis},
  title     = {{ICDAR2009} handwriting segmentation contest},
  journal   = {International Journal on Document Analysis and Recognition},
  volume    = {14},
  number    = {1},
  pages     = {25--33},
  year      = {2011},
  doi       = {10.1007/s10032-010-0122-8},
  timestamp = {Thu, 13 Aug 2020 12:42:21 +0200},
  biburl    = {https://dblp.org/rec/journals/ijdar/GatosSL11.bib},
  bibsource = {dblp computer science bibliography, https://dblp.org}
}

@inproceedings{antonacopoulos2009icdar,
  author    = {Apostolos Antonacopoulos and
               Stefan Pletschacher and
               David Bridson and
               Christos Papadopoulos},
  title     = {{ICDAR} 2009 {Page Segmentation Competition}},
  booktitle = {10th International Conference on Document Analysis and Recognition,
               {ICDAR} 2009, Barcelona, Spain, 26-29 July 2009},
  pages     = {1370--1374},
  publisher = {{IEEE} Computer Society},
  year      = {2009},
  doi       = {10.1109/ICDAR.2009.275},
  timestamp = {Wed, 16 Oct 2019 14:14:54 +0200},
  biburl    = {https://dblp.org/rec/conf/icdar/AntonacopoulosPBP09.bib},
  bibsource = {dblp computer science bibliography, https://dblp.org}
}

@inproceedings{gatos2010icfhr,
  author    = {Basilios Gatos and
               Nikolaos Stamatopoulos and
               Georgios Louloudis},
  title     = {{ICFHR} 2010 {Handwriting Segmentation Contest}},
  booktitle = {International Conference on Frontiers in Handwriting Recognition,
               {ICFHR} 2010, Kolkata, India, 16-18 November 2010},
  pages     = {737--742},
  publisher = {{IEEE} Computer Society},
  year      = {2010},
  doi       = {10.1109/ICFHR.2010.120},
  timestamp = {Wed, 16 Oct 2019 14:14:55 +0200},
  biburl    = {https://dblp.org/rec/conf/icfhr/GatosSL10.bib},
  bibsource = {dblp computer science bibliography, https://dblp.org}
}


@inproceedings{antonacopoulos2011historical,
  title={Historical document layout analysis competition},
  author={Antonacopoulos, Apostolos and Clausner, Christian and Papadopoulos, Christos and Pletschacher, Stefan},
  booktitle={Document Analysis and Recognition (ICDAR), 2011 11th International Conference on},
  pages={1516--1520},
  year={2011},
  organization={IEEE}
}
@inproceedings{antonacopoulos2013icdar,
  title={Icdar 2013 competition on historical newspaper layout analysis (hnla 2013)},
  author={Antonacopoulos, Apostolos and Clausner, Christian and Papadopoulos, Christos and Pletschacher, Stefan},
  booktitle={Document Analysis and Recognition (ICDAR), 2013 12th International Conference on},
  pages={1454--1458},
  year={2013},
  organization={IEEE}
}
@inproceedings{murdock2015icdar,
  title={ICDAR 2015 competition on text line detection in historical documents},
  author={Murdock, Michael and Reid, Shawn and Hamilton, Blaine and Reese, Jackson},
  booktitle={Document Analysis and Recognition (ICDAR), 2015 13th International Conference on},
  pages={1171--1175},
  year={2015},
  organization={IEEE}
}
@dataset{diem_markus_2019_3568023,
  author       = {Diem Markus and
                  Kleber Florian and
                  Gatos Basilis},
  title        = {{ICDAR 2019 Competition on Baseline Detection
                   (cBAD)}},
  month        = feb,
  year         = 2019,
  publisher    = {Zenodo},
  doi          = {10.5281/zenodo.3568023},
}
@inproceedings{romero2015influence,
  title={Influence of text line segmentation in handwritten text recognition},
  author={Romero, Veronica and Sanchez, Joan Andreu and Bosch, Vicente and Depuydt, Katrien and de Does, Jesse},
  booktitle={Document Analysis and Recognition (ICDAR), 2015 13th International Conference on},
  pages={536--540},
  year={2015},
  organization={IEEE}
}
@inproceedings{fischer2011transcription,
  title={Transcription alignment of Latin manuscripts using hidden Markov models},
  author={Fischer, Andreas and Frinken, Volkmar and Forn{\'e}s, Alicia and Bunke, Horst},
  booktitle={Proceedings of the 2011 Workshop on Historical Document Imaging and Processing},
  pages={29--36},
  year={2011},
  organization={ACM}
}
@inproceedings{simistira2016diva,
  title={{DIVA-HisDB}: A precisely annotated large dataset of challenging medieval manuscripts},
  author={Simistira, Foteini and Seuret, Mathias and Eichenberger, Nicole and Garz, Angelika and Liwicki, Marcus and Ingold, Rolf},
  booktitle={Frontiers in Handwriting Recognition (ICFHR), 2016 15th International Conference on},
  pages={471--476},
  year={2016},
  organization={IEEE}
}
@inproceedings{kassis2017vml,
  title={{VML-HD}: The historical Arabic documents dataset for recognition systems},
  author={Kassis, Majeed and Abdalhaleem, Alaa and Droby, Ahmad and Alaa\-sam, Reem and El-Sana, Jihad},
  booktitle={Arabic Script Analysis and Recognition (ASAR), 2017 1st International Workshop on},
  pages={11--14},
  year={2017},
  organization={IEEE}
}
@inproceedings{antonacopoulos2015icdar2015,
  title={{ICDAR} 2015 Competition on Recognition of Documents with Complex Layouts - {RDCL2015}},
  author={Antonacopoulos, Apostolos and Clausner, Christian and Papadopoulos, Christos and Pletschacher, Stefan},
  booktitle={Document Analysis and Recognition (ICDAR), 2015 13th International Conference on},
  pages={1151--1155},
  year={2015},
  organization={IEEE}
}
@inproceedings{burie2016icfhr,
  title={{ICFHR} 2016 competition on the analysis of handwritten text in images of balinese palm leaf manuscripts},
  author={Burie, Jean-Christophe and Coustaty, Micka{\"e}l and Hadi, Setiawan and Kesiman, Made Windu Antara and Ogier, Jean-Marc and Paulus, Erick and Sok, Kim\-heng and Sunarya, I Made Gede and Valy, Dona},
  booktitle={Frontiers in Handwriting Recognition (ICFHR), 2016 15th International Conference on},
  pages={596--601},
  year={2016},
  organization={IEEE}
}
@article{lee1994building,
  title={Building skeleton models via {3-D} medial surface axis thinning algorithms},
  author={Lee, Ta-Chih and Kashyap, Rangasami L and Chu, Chong-Nam},
  journal={CVGIP: Graphical Models and Image Processing},
  volume={56},
  number={6},
  pages={462--478},
  year={1994},
  publisher={Elsevier}
}
@article{douglas1973algorithms,
  title={Algorithms for the reduction of the number of points required to represent a digitized line or its caricature},
  author={Douglas, David H and Peucker, Thomas K},
  journal={Cartographica: The International Journal for Geographic Information and Geovisualization},
  volume={10},
  number={2},
  pages={112--122},
  year={1973},
  publisher={University of Toronto Press}
}
@article{hinton2012improving,
  title={Improving neural networks by preventing co-adaptation of feature detectors},
  author={Hinton, Geoffrey E and Srivastava, Nitish and Krizhevsky, Alex and Sutskever, Ilya and Salakhutdinov, Ruslan R},
  journal={CoRR},
  volume={abs/1207.0580},
  year={2012}
}
@article{kingma2014adam,
  title={Adam: A method for stochastic optimization},
  author={Kingma, Diederik P and Ba, Jimmy},
  journal={CoRR},
  volume={abs/1412.6980},
  year={2014}
}
@article{veit2016residual,
  title={Residual networks behave like ensembles of relatively shallow networks},
  author={Veit, Andreas and Wilber, Michael J and Belongie, Serge},
  journal={Advances in neural information processing systems},
  volume={29},
  pages={550--558},
  year={2016}
}
@inproceedings{wang2018skipnet,
  title={Skipnet: Learning dynamic routing in convolutional networks},
  author={Wang, Xin and Yu, Fisher and Dou, Zi-Yi and Darrell, Trevor and Gonzalez, Joseph E},
  booktitle={Proceedings of the European Conference on Computer Vision (ECCV)},
  pages={409--424},
  year={2018}
}
@inproceedings{real2019regularized,
  title={Regularized evolution for image classifier architecture search},
  author={Real, Esteban and Aggarwal, Alok and Huang, Yanping and Le, Quoc V},
  booktitle={Proceedings of the aaai conference on artificial intelligence},
  volume={33},
  pages={4780--4789},
  year={2019}
}
@article{iandola2016squeezenet,
  author    = {Forrest N. Iandola and
               Matthew W. Moskewicz and
               Khalid Ashraf and
               Song Han and
               William J. Dally and
               Kurt Keutzer},
  title     = {{SqueezeNet: AlexNet-level accuracy with 50x fewer parameters and 1MB
               model size}},
  journal   = {CoRR},
  volume    = {abs/1602.07360},
  year      = {2016},
  archivePrefix = {arXiv},
  eprint    = {1602.07360},
  timestamp = {Fri, 20 Nov 2020 16:16:06 +0100},
  biburl    = {https://dblp.org/rec/journals/corr/IandolaMAHDK16.bib},
  bibsource = {dblp computer science bibliography, https://dblp.org}
}
@article{srivastava2015training,
  title={Training very deep networks},
  author={Srivastava, Rupesh K and Greff, Klaus and Schmidhuber, J{\"u}rgen},
  journal={Advances in neural information processing systems},
  volume={28},
  pages={2377--2385},
  year={2015}
}
@inproceedings{huang2017densely,
  title={Densely connected convolutional networks},
  author={Huang, Gao and Liu, Zhuang and Van Der Maaten, Laurens and Weinberger, Kilian Q},
  booktitle={Proceedings of the IEEE conference on computer vision and pattern recognition},
  pages={4700--4708},
  year={2017}
}
@article{tan2019efficientnet,
  author    = {Mingxing Tan and
               Quoc V. Le},
  editor    = {Kamalika Chaudhuri and
               Ruslan Salakhutdinov},
  title     = {EfficientNet: Rethinking Model Scaling for Convolutional Neural Networks},
  booktitle = {Proceedings of the 36th International Conference on Machine Learning,
               {ICML} 2019, 9-15 June 2019, Long Beach, California, {USA}},
  series    = {Proceedings of Machine Learning Research},
  volume    = {97},
  pages     = {6105--6114},
  publisher = {{PMLR}},
  year      = {2019},
  timestamp = {Tue, 11 Jun 2019 15:37:38 +0200},
  biburl    = {https://dblp.org/rec/conf/icml/TanL19.bib},
  bibsource = {dblp computer science bibliography, https://dblp.org}
}

@inproceedings{smith2009adapting,
  title={Adapting the Tesseract open source {OCR} engine for multilingual {OCR}},
  author={Smith, Ray and Antonova, Daria and Lee, Dar-Shyang},
  booktitle={Proceedings of the International Workshop on Multilingual OCR},
  pages={1},
  year={2009},
  organization={ACM}
}
@inproceedings{ul2013can,
  title={Can we build language-independent {OCR} using {LSTM} networks?},
  author={Ul-Hasan, Adnan and Breuel, Thomas M},
  booktitle={Proceedings of the 4th International Workshop on Multilingual OCR},
  pages={9},
  year={2013},
  organization={ACM}
}
@article{springmann2016automatic,
  author    = {Uwe Springmann and
               Florian Fink and
               Klaus U. Schulz},
  title     = {Automatic quality evaluation and (semi-) automatic improvement of
               mixed models for {OCR} on historical documents},
  journal   = {CoRR},
  volume    = {abs/1606.05157},
  year      = {2016},
  archivePrefix = {arXiv},
  eprint    = {1606.05157},
  timestamp = {Mon, 13 Aug 2018 16:46:17 +0200},
  biburl    = {https://dblp.org/rec/journals/corr/SpringmannFS16.bib},
  bibsource = {dblp computer science bibliography, https://dblp.org}
}

@inproceedings{singh2015can,
  title={Can {RNNs} reliably separate script and language at word and line level?},
  author={Singh, Ajeet Kumar and Jawahar, CV},
  booktitle={Document Analysis and Recognition (ICDAR), 2015 13th International Conference on},
  pages={976--980},
  year={2015},
  organization={IEEE}
}
@inproceedings{fujii2017sequence,
  title={Sequence-to-Label Script Identification for Multilingual OCR},
  author={Fujii, Yasuhisa and Driesen, Karel and Baccash, Jonathan and Hurst, Ash and Popat, Ashok C},
  booktitle={Document Analysis and Recognition (ICDAR), 2017 14th IAPR International Conference on},
  volume={1},
  pages={161--168},
  year={2017},
  organization={IEEE}
}
@inproceedings{ul2015sequence,
  title={A sequence learning approach for multiple script identification},
  author={Ul-Hasan, Adnan and Afzal, Muhammad Zeshan and Shafait, Faisal and Liwicki, Marcus and Breuel, Thomas M},
  booktitle={Document Analysis and Recognition (ICDAR), 2015 13th International Conference on},
  pages={1046--1050},
  year={2015},
  organization={IEEE}
}
@inproceedings{graves2006connectionist,
  title={Connectionist temporal classification: labelling unsegmented sequence data with recurrent neural networks},
  author={Graves, Alex and Fern{\'a}ndez, Santiago and Gomez, Faustino and Schmidhuber, J{\"u}rgen},
  booktitle={Proceedings of the 23rd international conference on Machine learning},
  pages={369--376},
  year={2006},
  organization={ACM}
}

@article{StoeklLapinForthcoming,
  title={Z-profile: Holistic Preprocessing Applied to {Hebrew} Manuscripts for {{HTR}} with {Ocropy} and {Kraken}},
  author="Stökl Ben Ezra, D. and  Lapin, H.", 
  journal={Manuscript Cultures},
}

@article{lowe2004distinctive,
  title={Distinctive Image Features from Scale-Invariant Keypoints},
  author={Lowe, David G.},
  journal={International Journal of Computer Vision},
  volume={60},
  number={2},
  pages={91--110},
  year={2004},
  publisher={Springer}
}
@article{alghamdi2017experimental,
  title={Experimental evaluation of Arabic OCR systems},
  author={Alghamdi, Mansoor and Teahan, William},
  journal={PSU Research Review},
  year={2017},
  publisher={Emerald Publishing Limited}
}
@article{kiessling2019kraken,
  title={{Kraken - A Universal Text Recognizer for the Humanities}},
  author={Kiessling, Benjamin},
  journal={Proceedings of the DH},
  year={2019},
  keywords={dh}
}
@inproceedings{KiesslingEtAl2019eScrip,
  author    = {Kiessling, Benjamin and
               Tissot, Robin and
               Stokes, Peter and
	       {Stökl Ben Ezra}, Daniel},
  title     = {{eScriptorium}: An Open Source Platform for Historical Document Analysis},
  booktitle = {2nd International Workshop on Open Services and Tools for Document Analysis, OST@IC\-DAR 2019, Sydney, Australia, September 22--25, 2019},
  pages     = {19--24},
  year = {2019},
  keywords={ost}
}
@article{stokes2021escriptorium,
	author = {Stokes, P.A. and Kiessling, Benjamin and {Stökl Ben Ezra}, Daniel and Tissot, Robin and Gargem, {El Hassane}},
	keywords={vre},
	title={{The eScriptorium {VRE} for Manuscript Cultures}},
	journal={Classics@}
}

@article{DhaliEtAl2020dating,
author  = {Maruf A. Dhali and
            Camilo Nathan Jansen and 
            Jan Willem {de Wit} and 
            Lambert Schomaker},
title = {Feature-Extraction Methods for Historical Manuscript Dating Based on Writing Style Development},
journal = {Pattern Recognition Letters},
volume = {131}, 
year = {2020}, 
    pages = {413--420}
}

@misc{KiesslingStoekl2019,
author ={Benjamin Kiessling and
         Daniel {St{\"{o}}kl Ben Ezra} and
         Rodney Ast and 
         Holger Essler},
title = {Aligning Extant Transcriptions of Documentary and Literary Papyri with their Glyphs}, 
note = {29th International Congress of Papyrology (Lecce)},
year = {2019}
}

@inproceedings{Leydier2014alignment,
  author    = {Yann Leydier and
               V{\'{e}}ronique Eglin and
               St{\'{e}}phane Bres and
               Dominique Stutzmann},
  title     = {Learning-Free Text-Image Alignment for Medieval Manuscripts},
  booktitle = {14th International Conference on Frontiers in Handwriting Recognition
               ({ICFHR} 2014, Crete, Greece, September 1--4, 2014)},
  pages     = {363--368},
  publisher = {{IEEE} Computer Society},
  year      = {2014}
}

@inproceedings{KiesslingICFHR2020,
  author    = {Benjamin Kiessling},
  title     = {{A Modular Region and Text Line Layout Analysis System}},
  booktitle={2020 17th International Conference on Frontiers in Handwriting Recognition (ICFHR)},
  pages={313--318},
  year={2020},
  organization={IEEE},
  keywords   = {icfhr}
}

@inproceedings{ezra2020transcription,
  title={{Transcription Alignment for Highly Fragmentary Historical Manuscripts: The Dead Sea Scrolls}},
  author={Ezra, Daniel St{\"o}kl Ben and Brown-DeVost, Bronson and Dershowitz, Nachum and Pechorin, Alexey and Kiessling, Benjamin},
  booktitle={2020 17th International Conference on Frontiers in Handwriting Recognition (ICFHR)},
  pages={361--366},
  year={2020},
  organization={IEEE},
  keywords={algn}
}

@unpublished{kiessling2018read,
title={{Script and Emphasis Detection using Recurrent Neural Networks}},
author={Kiessling, Benjamin and Kinitz, Daniel and Gümmer, Christoph and Mashhadi, Parivash},
year = {2018},
note= {READ2018: International Interdisciplinary Symposium on Reading Experience and Analysis of Documents},
keywords={read}
}
	  

@inproceedings{Leydier2016alignment,
  author    = {Yann Leydier and
               V{\'{e}}ronique Eglin and
               St{\'{e}}phane Bres and
               Dominique Stutzmann},
  editor    = {Sylvie Calabretto and
               Bertrand Co{\"{u}}asnon and
               Lorraine Goeuriot and
               Sabine Barrat},
  title     = {Alignement texte-image sans apprentissage pour les manuscrits m{\'{e}}di{\'{e}}vaux},
  booktitle = {{CORIA} 2016 -- Conf{\'{e}}rence en Recherche d'Informations et
               Applications -- 13th French Information Retrieval Conference. {CIFED}
               2016 Colloque International Francophone sur l'Ecrit et le Document,
               Toulouse, France, March 9--11, 2016},
  pages     = {481--496},
  publisher = {{ARIA-GRCE}},
  year      = {2016}
}

@inproceedings{diem2017cbad,
  title={{cBAD}: {ICDAR2017} Competition on Baseline Detection},
  author={Diem, Markus and Kleber, Florian and Fiel, Stefan and Gr{\"u}ning, Tobias and Gatos, Basilis},
  booktitle={Document Analysis and Recognition (ICDAR), 2017 14th IAPR International Conference on},
  volume={1},
  pages={1355--1360},
  year={2017},
  organization={IEEE}
}
@inproceedings{gruning2018read,
  title={{READ-BAD}: A New Dataset and Evaluation Scheme for Baseline detection in archival documents},
  author={Gr{\"u}ning, Tobias and Labahn, Roger and Diem, Markus and Kleber, Florian and Fiel, Stefan},
  booktitle={13th IAPR International Workshop on Document Analysis Systems (DAS)},
  pages={351--356},
  year={2018},
  organization={IEEE}
}

@inproceedings{Boillet2019,
  author    = {M{\'{e}}lodie Boillet and
               Marie{-}Laurence Bonhomme and
               Dominique Stutzmann and
               Christopher Kermorvant},
  title     = {{HORAE:} An Annotated Dataset of Books of Hours},
  booktitle = {Proceedings of the 5th International Workshop on Historical Document
               Imaging and Processing, HIP@ICDAR 2019, Sydney, NSW, Australia, September
               20--21, 2019},
  pages     = {7--12},
  publisher = {{ACM}},
  year      = {2019}
}

@incollection{schomaker2019lifelong,
  author       = {Schomaker, Lambert},
  title        = {Lifelong Learning for Text Retrieval and 
                   Recognition in Historical Handwritten Document
                   Collection},
booktitle="Handwritten Historical Document Analysis, Recognition, and Retrieval -- State of the Art and Future Trends",
publisher="World Scientific",
doi="10.1142/11353",
series="Machine Perception and Artificial Intelligence",
editor=" Andreas Fischer and Marcus Liwicki and Rolf Ingold",
  year= 2020
}
@inproceedings{milo2019new,
  title={A New Strategy for Arabic OCR: Archi\-graphemes, Letter Blocks, Script Grammar, and shape synthesis},
  author={Milo, Thomas and Mart{\'\i}nez, Alicia Gonz{\'a}lez},
  booktitle={Proceedings of the 3rd International Conference on Digital Access to Textual Cultural Heritage},
  pages={93--96},
  year={2019}
}
@article{springmann2018ground,
  author    = {Uwe Springmann and
               Christian Reul and
               Stefanie Dipper and
               Johannes Baiter},
  title     = {Ground Truth for training {OCR} engines on historical documents in
               German Fraktur and Early Modern Latin},
  journal   = {J. Lang. Technol. Comput. Linguistics},
  volume    = {33},
  number    = {1},
  pages     = {97--114},
  year      = {2018},
  timestamp = {Mon, 30 Mar 2020 13:36:59 +0200},
  biburl    = {https://dblp.org/rec/journals/ldvf/SpringmannRDB18.bib},
  bibsource = {dblp computer science bibliography, https://dblp.org}
}
@article{kuflik2019tikkoun,
  title={{Tikkoun Sofrim} -- Combining {HTR} and Crowdsourcing for Automated Transcription of {Hebrew} Medieval Manu\-scripts},
  author={Kuflik, T and Lavee, M and Ezra, D St{\"o}kl Ben and Ohali, A and Raziel-Kretzmer, V and Schor, U and Wecker, A and Lolli, E and Signoret, P},
  journal={Digital Humanities (DH2019)},
  year={2019}
}
@inproceedings{wecker2019tikkoun,
  title={Tikkoun sofrim: A webapp for personalization and adaptation of crowdsourcing transcriptions},
  author={Wecker, Alan J and Schor, Uri and Elovits, Dror and Stoekl Ben Ezra, Daniel and Kuflik, Tsvi and Lavee, Moshe and Raziel-Kretzmer, Vered and Ohali, Avigail and Signoret, Lily},
  booktitle={Adjunct Publication of the 27th Conference on User Modeling, Adaptation and Personalization},
  pages={109--110},
  year={2019}
}
@inproceedings{kiessling2019badam,
  author    = { Kiessling, Benjamin and
                St{\"{o}}kl Ben Ezra, Daniel and
               Miller, Matthew Thomas },
  title     = {{BADAM:} {A Public Data\-set for Baseline Detection in {Arabic}-Script
               Manuscripts}},
  booktitle = {Proceedings of the 5th International Workshop on Historical Document
               Imaging and Processing, HIP@ICDAR 2019, Sydney, NSW, Australia, September
               20-21, 2019},
  pages     = {13--18},
  publisher = {{ACM}},
  year      = {2019},
  keywords  = {hip}
}

@inproceedings{Pratikakis2019,
  author    = {Ioannis Pratikakis and
               Konstantinos Zagoris and
               Xenofon Karagiannis and
               Lazaros T. Tsochatzidis and
               Tanmoy Mondal and
               Isabelle Marthot{-}Santaniello},
  title     = {{ICDAR} 2019 Competition on Document Image Binarization {(DIBCO} 2019)},
  booktitle = {2019 International Conference on Document Analysis and Recognition,
               {ICDAR} 2019, Sydney, Australia, September 20-25, 2019},
  pages     = {1547--1556},
  publisher = {{IEEE}},
  year      = {2019}
}
@inproceedings{Mohammed2019b,
  author    = {Hussein Adnan Mohammed and
               Isabelle Marthot{-}Santaniello and
               Volker M{\"{a}}rgner},
  title     = {GRK-Papyri: {A} Dataset of {Greek} Handwriting on Papyri for the Task
               of Writer Identification},
  booktitle = {2019 International Conference on Document Analysis and Recognition,
               {ICDAR} 2019, Sydney, Australia, September 20-25, 2019},
  pages     = {726--731},
  year = {2019}
}
@article{DhaliEtAl2019,
  author    = {Maruf A. Dhali and
               Jan Willem de Wit and
               Lambert Schomaker},
  title     = {BiNet: Degraded-Manuscript Binarization in Diverse Document Textures
               and Layouts using Deep Encoder-Decoder Networks},
  journal   = {CoRR},
  volume    = {abs/1911.07930},
  year      = {2019},
  archivePrefix = {arXiv},
  eprint    = {1911.07930},
  timestamp = {Mon, 02 Dec 2019 17:48:37 +0100},
  biburl    = {https://dblp.org/rec/journals/corr/abs-1911-07930.bib},
  bibsource = {dblp computer science bibliography, https://dblp.org}
}

@inproceedings{DhaliEtAl2017,
  author    = {Maruf A. Dhali and
               Sheng He and
               Mladen Popovic and
               Eibert Tigchelaar and
               Lambert Schomaker},
  editor    = {Maria De Marsico and
               Gabriella Sanniti di Baja and
               Ana L. N. Fred},
  title     = {A Digital Palaeographic Approach towards Writer Identification in
               the {Dead Sea} Scrolls},
  booktitle = {Proceedings of the 6th International Conference on Pattern Recognition
               Applications and Methods, {ICPRAM} 2017, Porto, Portugal, February
               24-26, 2017},
  pages     = {693--702},
  publisher = {SciTePress},
  year      = {2017}
}

@ARTICLE{Grabcut,
    author = {Carsten Rother and Vladimir Kolmogorov and Andrew Blake},
    title = {`{GrabCut}': {Interactive} foreground extraction using iterated graph cuts},
    journal = {ACM Transactions on Graphics},
    Volume = 23, number =  3,
    year = {2004},
    pages = {309--314}
}

@article{DollarARXIV14edges,
  author    = {Piotr Doll\'ar and C. Lawrence Zitnick},
  title     = {Fast Edge Detection Using Structured Forests},
  journal   = {ArXiv},
  year      = {2014},
}

@book{hassner2016dense,
  title={Dense Image Correspondences for Computer Vision},
  editor={Hassner, Tal and Liu, Ce},
  year={2016},
  publisher={Springer}
}

@article{liu2011sift,
  title={{SIFT Flow}: Dense correspondence across scenes and its applications},
  author={Liu, Ce and Yuen, Jenny and Torralba, Antonio},
  journal={IEEE Transactions on Pattern Analysis and Machine Intelligence},
  volume={33},
  number={5},
  pages={978--994},
  year={2011},
  publisher={IEEE}
}

@article{zitova2003image,
  title={Image registration methods: a survey},
  author={Zitova, Barbara and Flusser, Jan},
  journal={Image and Vision Computing},
  volume={21},
  number={11},
  pages={977--1000},
  year={2003},
  publisher={Elsevier}
}

@article{rosten2010faster,
  title={Faster and better: A machine learning approach to corner detection},
  author={Rosten, Edward and Porter, Reid and Drummond, Tom},
  journal={IEEE Transactions on Pattern Analysis and Machine Intelligence},
  volume={32},
  number={1},
  pages={105--119},
  year={2010},
  publisher={IEEE}
}

@article{rosten2006machine,
  title={Machine learning for high-speed corner detection},
  author={Rosten, Edward and Drummond, Tom},
  journal={Computer Vision -- ECCV 2006},
  pages={430--443},
  year={2006},
  publisher={Springer}
}

@inproceedings{harris1988combined,
  title={A combined corner and edge detector},
  author={Harris, Chris and Stephens, Mike},
  booktitle={Alvey Vision Conference},
  volume={15},
  number={50},
  pages={147--152},
  year={1988},
  organization={Manchester, UK}
}

@inproceedings{dekel2015best,
  title={Best-buddies similarity for robust template matching},
  author={Dekel, Tali and Oron, Shaul and Rubinstein, Michael and Avidan, Shai and Freeman, William T.},
  booktitle={Proceedings of the IEEE Conference on Computer Vision and Pattern Recognition},
  pages={2021--2029},
  year={2015}
}

@inproceedings{brown2003recognising,
  title={Recognising panoramas},
  author={Brown, Matthew and Lowe, David G.},
  booktitle={Proceedings ICCV},
  volume={3},
  pages={1218},
  year={2003}
}

@article{bay2008speeded,
  title={Speeded-up robust features ({SURF})},
  author={Bay, Herbert and Ess, Andreas and Tuytelaars, Tinne and Van Gool, Luc},
  journal={Computer Vision and Image Understanding},
  volume={110},
  number={3},
  pages={346--359},
  year={2008},
  publisher={Elsevier}
}

@article{calonder2010brief,
  title={Brief: Binary robust independent elementary features},
  author={Calonder, Michael and Lepetit, Vincent and Strecha, Christoph and Fua, Pascal},
  journal={Computer Vision -- ECCV 2010},
  pages={778--792},
  year={2010},
  publisher={Springer}
}

@article{horn1981determining,
  title={Determining optical flow},
  author={Horn, Berthold K. P. and Schunck, Brian G.},
  journal={Artificial Intelligence},
  volume={17},
  number={1--3},
  pages={185--203},
  year={1981},
  publisher={Elsevier}
}

@inproceedings{lucas1981iterative,
  title={An iterative image registration technique with an application to stereo vision},
  author={Lucas, Bruce D. and Kanade, Takeo},
  year={1981}, month = aug,
  booktitle="Proceedings of the 7th International Joint Conference on Artificial Intelligence", Volume= 2,
pages=" 674--679", 
  address={Vancouver, BC}
}

@article{fortun2015optical,
  title={Optical flow modeling and computation: a survey},
  author={Fortun, Denis and Bouthemy, Patrick and Kervrann, Charles},
  journal={Computer Vision and Image Understanding},
  volume={134},
  pages={1--21},
  year={2015},
  publisher={Elsevier}
}

@article{peng2003document,
  title={Document image recognition based on template matching of component block projections},
  author={Peng, Hanchuan and Long, Fuhui and Chi, Zheru},
  journal={IEEE Transactions on Pattern Analysis and Machine Intelligence},
  volume={25},
  number={9},
  pages={1188--1192},
  year={2003},
  publisher={IEEE}
}

@inproceedings{fan2001form,
  title={Form document identification using line structure based features},
  author={Fan, Kuo-Chin and Wang, Yuan-Kai and Chang, Mei-Lin},
  booktitle={Document Analysis and Recognition, 2001. Proceedings Sixth International Conference on},
  pages={704--708},
  year={2001},
  organization={IEEE}
}

@article{safari1997document,
  title={Document registration using projective geometry},
  author={Safari, R. and Narasimhamurthi, N. and Shridhar, Malayappan and Ahmadi, Majid},
  journal={IEEE Transactions on Image Processing},
  volume={6},
  number={9},
  pages={1337--1341},
  year={1997},
  publisher={IEEE}
}

@inproceedings{zarai2013integrating,
  title={Integrating copies obtained from old and new preservation efforts},
  author={Zarai, Yoram and Lavee, Tamar and Dershowitz, Nachum and Wolf, Lior},
  booktitle={Document Analysis and Recognition (ICDAR), 2013 12th International Conference on},
  pages={47--51},
  year={2013},
  organization={IEEE}
}
@article{otsu1979threshold,
  title={A threshold selection method from gray-level histograms},
  author={Otsu, Nobuyuki},
  journal={IEEE Transactions on Systems, Man, and Cybernetics},
  volume={9},
  number={1},
  pages={62--66},
  year={1979},
  publisher={IEEE}
}
@article{senthilkumaran2009edge,
  title={Edge detection techniques for image segmentation--a survey of soft computing approaches},
  author={Senthilkumaran, N. and Rajesh, R.},
  journal={International Journal of Recent Trends in Engineering},
  volume={1},
  number={2},
  pages={250--254},
  year={2009}
}
@article{chuang2006fuzzy,
  title={Fuzzy c-means clustering with spatial information for image segmentation},
  author={Chuang, Keh-Shih and Tzeng, Hong-Long and Chen, Sharon and Wu, Jay and Chen, Tzong-Jer},
  journal={Computerized Medical Imaging and Graphics},
  volume={30},
  number={1},
  pages={9--15},
  year={2006},
  publisher={Elsevier}
}

@inproceedings{ray1999determination,
  title={Determination of number of clusters in k-means clustering and application in colour image segmentation},
  author={Ray, Siddheswar and Turi, Rose H.},
  booktitle={Proceedings of the 4th International Conference on Advances in Pattern Recognition and Digital Techniques},
  pages={137--143},
  year={1999},
  organization={Calcutta, India}
}

@article{wu1993optimal,
  title={An optimal graph theoretic approach to data clustering: Theory and its application to image segmentation},
  author={Wu, Zhenyu and Leahy, Richard},
  journal={IEEE Transactions on Pattern Analysis and Machine Intelligence},  volume={15},
  number={11},
  pages={1101--1113},
  year={1993},
  publisher={IEEE}
}
@article{shi2000normalized,
  title={Normalized cuts and image segmentation},
  author={Shi, Jianbo and Malik, Jitendra},
  journal={IEEE Transactions on Pattern Analysis and Machine Intelligence},
  volume={22},
  number={8},
  pages={888--905},
  year={2000},
  publisher={Ieee}
}
@article{chan2001active,
  title={Active contours without edges},
  author={Chan, Tony F. and Vese, Luminita A.},
  journal={IEEE Transactions on Image Processing},
  volume={10},
  number={2},
  pages={266--277},
  year={2001},
  publisher={IEEE}
}

@inproceedings{leventon2000statistical,
  title={Statistical shape influence in geodesic active contours},
  author={Leventon, Michael E. and Grimson, W. Eric L. and Faugeras, Olivier},
  booktitle={Computer Vision and Pattern Recognition, 2000. Proceedings. IEEE Conference on},
  volume={1},
  pages={316--323},
  year={2000},
  organization={IEEE}
}

@article{zhang2010active,
  title={Active contours with selective local or global segmentation: a new formulation and level set method},
  author={Zhang, Kaihua and Zhang, Lei and Song, Huihui and Zhou, Wengang},
  journal={Image and Vision Computing},
  volume={28},
  number={4},
  pages={668--676},
  year={2010},
  publisher={Elsevier}
}
@article{mangan1999partitioning,
  title={Partitioning {3D} surface meshes using watershed segmentation},
  author={Mangan, Alan P. and Whitaker, Ross T.},
  journal={IEEE Transactions on Visualization and Computer Graphics},
  volume={5},
  number={4},
  pages={308--321},
  year={1999},
  publisher={IEEE}
}

@article{shafarenko1997automatic,
  title={Automatic watershed segmentation of randomly textured color images},
  author={Shafarenko, Leila and Petrou, Maria and Kittler, Josef},
  journal={IEEE Transactions on Image Processing},
  volume={6},
  number={11},
  pages={1530--1544},
  year={1997},
  publisher={IEEE}
}

@inproceedings{ng2006medical,
  title={Medical image segmentation using k-means clustering and improved watershed algorithm},
  author={Ng, H. P. and Ong, S. H. and Foong, K. W. C. and Goh, P. S. and Nowinski, W. L.},
  booktitle={Image Analysis and Interpretation, 2006 IEEE Southwest Symposium on},
  pages={61--65},
  year={2006},
  organization={IEEE}
}

@inproceedings{ronneberger2015u,
  title={U-net: Convolutional networks for biomedical image segmentation},
  author={Ronneberger, Olaf and Fischer, Philipp and Brox, Thomas},
  booktitle={International Conference on Medical Image Computing and Computer-Assisted Intervention},
  pages={234--241},
  year={2015},
  organization={Springer}
}
@article{badrinarayanan2015segnet,
  author    = {Vijay Badrinarayanan and
               Alex Kendall and
               Roberto Cipolla},
  title     = {SegNet: {A} Deep Convolutional Encoder-Decoder Architecture for Image
               Segmentation},
  journal   = {{IEEE} Trans. Pattern Anal. Mach. Intell.},
  volume    = {39},
  number    = {12},
  pages     = {2481--2495},
  year      = {2017},
  doi       = {10.1109/TPAMI.2016.2644615},
  timestamp = {Sat, 19 Oct 2019 19:58:04 +0200},
  biburl    = {https://dblp.org/rec/journals/pami/BadrinarayananK17.bib},
  bibsource = {dblp computer science bibliography, https://dblp.org}
}

@inproceedings{girshick14CVPR,
    Author = {Girshick, Ross and Donahue, Jeff and Darrell, Trevor and Malik, Jitendra},
    Title = {Rich feature hierarchies for accurate object detection and semantic segmentation},
    Booktitle = {Computer Vision and Pattern Recognition},
    Year = {2014}
}

@inproceedings{taigman2014deepface,
  title={Deepface: Closing the gap to human-level performance in face verification},
  author={Taigman, Yaniv and Yang, Ming and Ranzato, Marc'Aurelio and Wolf, Lior},
  booktitle={Proceedings of the IEEE Conference on Computer Vision and Pattern Recognition},
  pages={1701--1708},
  year={2014}
}

@inproceedings{krizhevsky2012imagenet,
  title={Imagenet classification with deep convolutional neural networks},
  author={Krizhevsky, Alex and Sutskever, Ilya and Hinton, Geoffrey E.},
  booktitle={Advances in Neural Information Processing Systems},
  pages={1097--1105},
  year={2012}
}
@article{lin2016refinenet,
  author    = {Guosheng Lin and
               Fayao Liu and
               Anton Milan and
               Chunhua Shen and
               Ian D. Reid},
  title     = {{RefineNet}: Multi-Path Refinement Networks for Dense Prediction},
  journal   = {{IEEE} Trans. Pattern Anal. Mach. Intell.},
  volume    = {42},
  number    = {5},
  pages     = {1228--1242},
  year      = {2020},
  doi       = {10.1109/TPAMI.2019.2893630},
  timestamp = {Thu, 13 Aug 2020 18:46:21 +0200},
  biburl    = {https://dblp.org/rec/journals/pami/LinLMSR20.bib},
  bibsource = {dblp computer science bibliography, https://dblp.org}
}
@inproceedings{zhao2016pyramid,
  author    = {Hengshuang Zhao and
               Jianping Shi and
               Xiaojuan Qi and
               Xiaogang Wang and
               Jiaya Jia},
  title     = {Pyramid Scene Parsing Network},
  booktitle = {2017 {IEEE} Conference on Computer Vision and Pattern Recognition,
               {CVPR} 2017, Honolulu, HI, USA, July 21-26, 2017},
  pages     = {6230--6239},
  publisher = {{IEEE} Computer Society},
  year      = {2017},
  doi       = {10.1109/CVPR.2017.660},
  timestamp = {Wed, 16 Oct 2019 14:14:50 +0200},
  biburl    = {https://dblp.org/rec/conf/cvpr/ZhaoSQWJ17.bib},
  bibsource = {dblp computer science bibliography, https://dblp.org}
}

@article{chen2016deeplab,
  title={{DeepLab}: Semantic image segmentation with deep convolutional nets, atrous convolution, and fully connected {CRF}s},
  author={Chen, Liang-Chieh and Papandreou, George and Kokkinos, Iasonas and Murphy, Kevin and Yuille, Alan L},
  journal={IEEE transactions on pattern analysis and machine intelligence},
  volume={40},
  number={4},
  pages={834--848},
  year={2017},
  publisher={IEEE}
}

@article{nowozin2011structured,
  title={Structured learning and prediction in computer vision},
  author={Nowozin, Sebastian and Lampert, Christoph H.},
  journal={Foundations and Trends in Computer Graphics and Vision},
  volume={6},
  number={3--4},
  pages={185--365},
  year={2011},
  publisher={Now Publishers, Inc.}
}

@article{FGP,
author="Yaacov Choueka", title=
"Computerizing the {Cairo Genizah}: {Aims}, Methodologies and Achievements", journal="Ginzei Qedem", volume= 8, pages=" 9*--30* ", year= 
"2012"
}

@article{Catalog, 
author ="Roni Shweka and Yaacov Choueka and Lior Wolf and Nachum Dershowitz", 
month=feb, 
year = 2013, 
title="Automatic Extraction of Catalog Data from Digital Images of Historical Manuscripts", 
journal="Literary and Linguistic Computing", 
volume= 28, number= 2, 
pages= "315--330"}

@incollection{Paleo, 
author ="Lior Wolf and Nachum Dershowitz and Liza Potikha and Tanya German and Roni Shweka and Yaacov Choueka", year= 2011, title="Automatic Paleographic Exploration of {Genizah} Manuscripts", booktitle="Kodikologie und Paläographie im Digitalen Zeitalter 2 -- Codicology and Palaeography in the Digital Age 2", editor=" Franz Fischer and Christiane Fritze and Georg Vogeler", series="Schriften des Instituts für Dokumentologie und Editorik", volume= 3, publisher="Norderstedt: Books on Demand", address="Germany", pages=" 157--179"}

@article{Join, 
author="Lior Wolf and Rotem Littman and Naama Mayer and Tanya German and Nachum Dershowitz and Roni Shweka and Yaacov Choueka", month=aug, year= 2011, title="Identifying Join Candidates in the {Cairo Genizah}", journal= "International Journal of Computer Vision", volume= 94, number=1, pages="118--135"}, 

@inproceedings{Spot, 
author="Adiel Ben-Shalom and Yaacov Choueka and Nachum Dershowitz and Lior Wolf", 
month=nov, year= 2015, 
title="Querying the {Cairo Genizah} Images with Word-Spotting Algorithm", note="(Abstract)", 
booktitle="The Twelfth Annual Jerusalem Conference on the Digitisation of Cultural Heritage", address="Jerusalem, Israel"} 

@inproceedings{Segment,
author ="Gil Levi and P. Nisnevich and A. Ben-Shalom and N. Dershowitz and L. Wolf", title="A Method for Segmentation, Matching and Alignment of {Dead Sea} Scrolls", booktitle="Proceedings of the IEEE Winter Conference on Applications of Computer Vision (WACV, Lake Tahoe, CA)", pages=" 208--217", month=mar,year=2018}

@inproceedings{Japan,
author="Taivanbat Badamdorj and Adiel Ben-Shalom and Nachum Dershowitz", month=feb, year= 2019, title="Matching and Searching the {Dead Sea} Scrolls",
booktitle="Proceedings of the 2018 IEEE International Conference on the Science of Electrical Engineering in Israel (ICSEE), December 2018, Eilat, Israel"}


 @inproceedings{Jihad,
 author="M. Kassis and J. El-Sana", title="Scribble Based Interactive Page Layout Segmentation Using {Gabor} Filter", booktitle="15th International Conference on Frontiers in Handwriting Recognition (ICFHR, Shenzhen)", year =2016, pages="13--18"}
 
@incollection{dense,
author=" Tal Hassner and Lior Wolf and Nachum Dershowitz and Gil Sadeh and  Stökl Ben Ezra, Daniel", year=2016, title="Dense Correspondences and Ancient Texts", editor=" Tal Hassner and Ce Liu", booktitle="Dense Image Correspondences for Computer Vision", publisher="Springer-Verlag", address="Switzerland", pages=" 279--295"}

@INPROCEEDINGS{Hassan, author={E. {Hassan} and V. {Garg} and S. K. M. {Haque} and S. {Chaudhury} and M. {Gopal}}, booktitle={International Conference on Document Analysis and Recognition (ICDAR)}, title={Searching {OCR}'ed Text: An {LDA} Based Approach}, year={2011},  pages={1210--1214}}

@inproceedings{Walker, author = {Walker, Daniel D. and Lund, William B. and Ringger, Eric K.}, title = {Evaluating Models of Latent Document Semantics in the Presence of {OCR} Errors}, year = {2010}, publisher = {Association for Computational Linguistics}, booktitle = {Proceedings of the 2010 Conference on Empirical Methods in Natural Language Processing}, pages = {240--250}, numpages = {11}, location = {Cambridge, MA}, series = {EMNLP ’10} }
 
@article{Vinciarelli,
author="A. Vinciarelli",title="Noisy text categorization",journal="IEEE Transactions on Pattern Analysis and Machine Intelligence", volume= 27, number= 12, pages=" 1882--1895",year= 2005}

@inproceedings{Related,
author="Nachum Dershowitz and Daniel Labenski and Adi Silberpfennig and Lior Wolf and Yaron Tsur",month= Nov,year= 2017, title="Relating Articles Textually and Visually", booktitle="Proceedings of the 14th IAPR International Conference on Document Analysis and Recognition (ICDAR)",address=" Kyoto, Japan", pages=" 275--281"}

@article{Wiener,
  author    = {Taivanbat Badamdorj and
               Adiel Ben{-}Shalom and
               Nachum Dershowitz and
               Lior Wolf},
  title     = {Fast Search with Poor {OCR}},
  journal   = {CoRR},
  volume    = {abs/1909.07899},
  year      = {2019},
  archivePrefix = {arXiv},
  eprint    = {1909.07899},
  timestamp = {Tue, 24 Sep 2019 11:33:51 +0200},
  biburl    = {https://dblp.org/rec/journals/corr/abs-1909-07899.bib},
  bibsource = {dblp computer science bibliography, https://dblp.org}
}

@mastersthesis{Zh,
author="Alexander  Zhicharevich", title="Tools to Aid {OCR} of {Hebrew} Character Manuscripts", school=" Tel Aviv University", year= 2012}

@inproceedings{approx,
author="Christodoulakis, Manolis and Brey, Gerhard and  Uppal and Rizwan Ahmed",
Title="Evaluation of approximate pattern matching algorithms for {OCR} texts",
Year=2009,booktitle="Proceedings of the 4th Annual Conference on Advances in Computing and Technology (AC\&T)", address="The School of Computing and Technology,
University of East London", pages="35--42"}


@inproceedings{Kahle,
title="Transkribus -- A Service Platform for Transcription, Recognition and Retrieval of Historical Documents",
author="Philip Kahle and Sebastian Colutto and Günter Hackl and Günter Mühlberger",
booktitle=" 14th IAPR International Conference on Document Analysis and Recognition (ICDAR)",year=2017}

@inproceedings{escript19,
author = {Kiessling, Benjamin and Tissot, Robin and Stokes, Peter and Stökl Ben Ezra, Daniel},
year = {2019},
month = sep,
pages = {19},
volume={2},
title = {{eScriptorium}: An Open Source Platform for Historical Document Analysis},
booktitle="International Conference on Document Analysis and Recognition Workshops (ICDARW)",
address="Sydney, Australia",
doi = {10.1109/ICDARW.2019.10032}
}

@inproceedings{OFTA,
author="Tal Hassner and Lior Wolf and Nachum Dershowitz", month=Aug, year= 2013, title="{OCR}-Free Transcript Alignment",booktitle= "Proceedings of the 12th International Conference on Document Analysis and Recognition (ICDAR 2013, Washington, DC)",pages="1310--1314"}

@article{Hobby,
author="Hobby, John D.",title=" Matching document images with ground truth", journal="International Journal on Document Analysis and Recognition", volume= 1, pages="52--61",year= 1998}

@inproceedings{Viral,
author="Sadeh, G. and  Wolf, L. and  Hassner, T. and  Dershowitz, N. and  Stökl Ben Ezra, D.", title=" Viral Transcript Alignment", booktitle="ICDAR",year=2015,pages="711--715"}

@inproceedings{Seuret,
author="Seuret, M. and  Stökl Ben Ezra, D. and  Liwicki, M.", title=" Robust Heartbeat-Based Line Segmentation Methods for Regular Texts and Paratextual Elements",booktitle=" HIP@ICDAR", year=2017, pages="71--76"}

@inproceedings{Stokes,
author="Stokes, P. and Kiessling, B. and  Tissot, R. and  Stökl Ben Ezra, D.", title=" {EScripta}: A New Digital Platform for the Study of Historical Texts and Writing",booktitle="Digital Humanities (DH2019)", year =2019}

@INPROCEEDINGS{KurarBarakat2018, author={B. {Barakat} and A. {Droby} and M. {Kassis} and J. {El-Sana}}, booktitle={16th International Conference on Frontiers in Handwriting Recognition (ICFHR)}, title={Text Line Segmentation for Challenging Handwritten Document Images using Fully Convolutional Network}, year={2018}, volume={}, number={}, pages={374--379}}
@article{SQE,
author="Brown deVost, Bronson", title="{Scripta Qumranica Electronica} (2016--2021)", journal="Hebrew Bible and Ancient Israel", volume= 5, year=2016, pages=" 307--315"}

@inproceedings{DBLP:conf/jcdl/FengM06,
 author    = {Shaolei Feng and
              R. Manmatha},
 editor    = {Gary Marchionini and
              Michael L. Nelson and
              Catherine C. Marshall},
 title     = {A hierarchical, {HMM}-based automatic evaluation of {OCR} accuracy for a digital library of books},
 booktitle = {{ACM/IEEE} Joint Conference on Digital Libraries, {JCDL} 2006, Chapel
              Hill, NC, USA, June 11-15, 2006, Proceedings},
 pages     = {109--118},
 publisher = {{ACM}},
 year      = {2006}
}

@inproceedings{DBLP:conf/icdar/YalnizM11,
 author    = {Ismet Zeki Yalniz and
              Raghavan Manmatha},
 title     = {A Fast Alignment Scheme for Automatic {OCR} Evaluation of Books},
 booktitle = {2011 International Conference on Document Analysis and Recognition,
              {ICDAR} 2011, Beijing, China, September 18-21, 2011},
 pages     = {754--758},
 publisher = {IEEE},
 year      = {2011}
}
