@article{springmann2018ground,
  title={Ground Truth for training OCR engines on historical documents in German Fraktur and Early Modern Latin},
  author={Springmann, Uwe and Reul, Christian and Dipper, Stefanie and Baiter, Johannes},
  journal={arXiv preprint arXiv:1809.05501},
  year={2018}
}
@article{hinton2012improving,
  title={Improving neural networks by preventing co-adaptation of feature detectors},
  author={Hinton, Geoffrey E and Srivastava, Nitish and Krizhevsky, Alex and Sutskever, Ilya and Salakhutdinov, Ruslan R},
  journal={arXiv preprint arXiv:1207.0580},
  year={2012}
}
@article{kingma2014adam,
  title={Adam: A method for stochastic optimization},
  author={Kingma, Diederik P and Ba, Jimmy},
  journal={arXiv preprint arXiv:1412.6980},
  year={2014}
}
@inproceedings{ronneberger2015u,
  title={U-net: Convolutional networks for biomedical image segmentation},
  author={Ronneberger, Olaf and Fischer, Philipp and Brox, Thomas},
  booktitle={International Conference on Medical image computing and computer-assisted intervention},
  pages={234--241},
  year={2015},
  organization={Springer}
}
@inproceedings{he2016deep,
  title={Deep residual learning for image recognition},
  author={He, Kaiming and Zhang, Xiangyu and Ren, Shaoqing and Sun, Jian},
  booktitle={Proceedings of the IEEE conference on computer vision and pattern recognition},
  pages={770--778},
  year={2016}
}
@article{kiessling2017important,
  title={Important New Developments in Arabographic Optical Character Recognition (OCR)},
  author={Kiessling, Benjamin and Miller, Matthew Thomas and Maxim, G and Savant, Sarah Bowen and others},
  journal={Al-ʿUṣ{\=u}r al-Wusṭ{\=a}},
  volume={25},
  pages={1--13},
  year={2017}
}
@inproceedings{smith2009adapting,
  title={Adapting the Tesseract open source OCR engine for multilingual OCR},
  author={Smith, Ray and Antonova, Daria and Lee, Dar-Shyang},
  booktitle={Proceedings of the International Workshop on Multilingual OCR},
  pages={1},
  year={2009},
  organization={ACM}
}
@inproceedings{ul2013can,
  title={Can we build language-independent OCR using LSTM networks?},
  author={Ul-Hasan, Adnan and Breuel, Thomas M},
  booktitle={Proceedings of the 4th International Workshop on Multilingual OCR},
  pages={9},
  year={2013},
  organization={ACM}
}
@article{springmann2016automatic,
  title={Automatic quality evaluation and (semi-) automatic improvement of mixed models for OCR on historical documents},
  author={Springmann, Uwe and Fink, Florian and Schulz, Klaus U},
  journal={CoRR. URL: https://pdfs. semanticscholar. org/b8b7/c369a01164b289ed7c41ef33ce1b74e0fb1f. pdf},
  year={2016}
}
@inproceedings{singh2015can,
  title={Can RNNs reliably separate script and language at word and line level?},
  author={Singh, Ajeet Kumar and Jawahar, CV},
  booktitle={Document Analysis and Recognition (ICDAR), 2015 13th International Conference on},
  pages={976--980},
  year={2015},
  organization={IEEE}
}
@inproceedings{fujii2017sequence,
  title={Sequence-to-Label Script Identification for Multilingual OCR},
  author={Fujii, Yasuhisa and Driesen, Karel and Baccash, Jonathan and Hurst, Ash and Popat, Ashok C},
  booktitle={Document Analysis and Recognition (ICDAR), 2017 14th IAPR International Conference on},
  volume={1},
  pages={161--168},
  year={2017},
  organization={IEEE}
}
@inproceedings{ul2015sequence,
  title={A sequence learning approach for multiple script identification},
  author={Ul-Hasan, Adnan and Afzal, Muhammad Zeshan and Shafait, Faisal and Liwicki, Marcus and Breuel, Thomas M},
  booktitle={Document Analysis and Recognition (ICDAR), 2015 13th International Conference on},
  pages={1046--1050},
  year={2015},
  organization={IEEE}
}
@inproceedings{graves2006connectionist,
  title={Connectionist temporal classification: labelling unsegmented sequence data with recurrent neural networks},
  author={Graves, Alex and Fern{\'a}ndez, Santiago and Gomez, Faustino and Schmidhuber, J{\"u}rgen},
  booktitle={Proceedings of the 23rd international conference on Machine learning},
  pages={369--376},
  year={2006},
  organization={ACM}
}

