@inproceedings{long2015fully,
  title={Fully convolutional networks for semantic segmentation},
  author={Long, Jonathan and Shelhamer, Evan and Darrell, Trevor},
  booktitle={Proceedings of the IEEE conference on computer vision and pattern recognition},
  pages={3431--3440},
  year={2015}
}
@article{sauvola2000adaptive,
  title={Adaptive document image binarization},
  author={Sauvola, Jaakko and Pietik{\"a}inen, Matti},
  journal={Pattern recognition},
  volume={33},
  number={2},
  pages={225--236},
  year={2000},
  publisher={Elsevier}
}
@article{DBLP:journals/corr/abs-1803-08494,
  author    = {Yuxin Wu and
               Kaiming He},
  title     = {Group Normalization},
  journal   = {CoRR},
  volume    = {abs/1803.08494},
  year      = {2018},
  url       = {http://arxiv.org/abs/1803.08494},
  archivePrefix = {arXiv},
  eprint    = {1803.08494},
  timestamp = {Mon, 13 Aug 2018 16:47:02 +0200},
  biburl    = {https://dblp.org/rec/bib/journals/corr/abs-1803-08494},
  bibsource = {dblp computer science bibliography, https://dblp.org}
}
@inproceedings{he2015delving,
  title={Delving deep into rectifiers: Surpassing human-level performance on imagenet classification},
  author={He, Kaiming and Zhang, Xiangyu and Ren, Shaoqing and Sun, Jian},
  booktitle={Proceedings of the IEEE international conference on computer vision},
  pages={1026--1034},
  year={2015}
}
@inproceedings{gruning2018read,
  title={Read-bad: A new dataset and evaluation scheme for baseline detection in archival documents},
  author={Gr{\"u}ning, Tobias and Labahn, Roger and Diem, Markus and Kleber, Florian and Fiel, Stefan},
  booktitle={2018 13th IAPR International Workshop on Document Analysis Systems (DAS)},
  pages={351--356},
  year={2018},
  organization={IEEE}
}
@inproceedings{fink2018baseline,
  title={Baseline Detection in Historical Documents using Convolutional U-Nets},
  author={Fink, Michael and Layer, Thomas and Mackenbrock, Georg and Sprinzl, Mich\-ael},
  booktitle={2018 13th IAPR International Workshop on Document Analysis Systems (DAS)},
  pages={37--42},
  year={2018},
  organization={IEEE}
}
@article{quiros2018multi,
  title={Multi-Task Handwritten Document Layout Analysis},
  author={Quir{\'o}s, Lorenzo},
  journal={arXiv preprint arXiv:1806.08852},
  year={2018}
}
@inproceedings{barakat2018text,
  title={Text Line Segmentation for Challenging Handwritten Document Images using Fully Convolutional Network},
  author={Barakat, Berat and Droby, Ahmad and Kassis, Majeed and El-Sana, Jihad},
  booktitle={2018 16th International Conference on Frontiers in Handwriting Recognition (ICFHR)},
  pages={374--379},
  year={2018},
  organization={IEEE}
}
@article{gatos2011icdar2009,
  title={ICDAR2009 handwriting segmentation contest},
  author={Gatos, Basilios and Stamatopoulos, Nikolaos and Lou\-loudis, Georgios},
  journal={International Journal on Document Analysis and Recognition (IJDAR)},
  volume={14},
  number={1},
  pages={25--33},
  year={2011},
  publisher={Springer}
}
@inproceedings{antonacopoulos2009icdar,
  title={ICDAR 2009 page segmentation competition},
  author={Antonacopoulos, Apostolos and Pletschacher, Stefan and Bridson, David and Papadopoulos, Christos},
  booktitle={Document Analysis and Recognition, 2009. ICDAR'09. 10th International Conference on},
  pages={1370--1374},
  year={2009},
  organization={IEEE}
}
@inproceedings{gatos2010icfhr,
  title={ICHFR 2010 handwriting segmentation contest},
  author={Gatos, Basilis and Stamatopoulos, Nikolaos and Lou\-loudis, Georgios},
  booktitle={2010 11th International Conference on Frontiers in Handwriting Recognition (ICFHR)},
  pages={737--742},
  year={2010},
  organization={IEEE}
}
@inproceedings{antonacopoulos2011historical,
  title={Historical document layout analysis competition},
  author={Antonacopoulos, Apostolos and Clausner, Christian and Papadopoulos, Christos and Pletschacher, Stefan},
  booktitle={Document Analysis and Recognition (ICDAR), 2011 11th International Conference on},
  pages={1516--1520},
  year={2011},
  organization={IEEE}
}
@inproceedings{antonacopoulos2013icdar,
  title={Icdar 2013 competition on historical newspaper layout analysis (hnla 2013)},
  author={Antonacopoulos, Apostolos and Clausner, Christian and Papadopoulos, Christos and Pletschacher, Stefan},
  booktitle={Document Analysis and Recognition (ICDAR), 2013 12th International Conference on},
  pages={1454--1458},
  year={2013},
  organization={IEEE}
}
@inproceedings{murdock2015icdar,
  title={ICDAR 2015 competition on text line detection in historical documents},
  author={Murdock, Michael and Reid, Shawn and Hamilton, Blaine and Reese, Jackson},
  booktitle={Document Analysis and Recognition (ICDAR), 2015 13th International Conference on},
  pages={1171--1175},
  year={2015},
  organization={IEEE}
}
@inproceedings{diem2017cbad,
  title={cbad: Icdar2017 competition on baseline detection},
  author={Diem, Markus and Kleber, Florian and Fiel, Stefan and Gr{\"u}ning, Tobias and Gatos, Basilis},
  booktitle={Document Analysis and Recognition (ICDAR), 2017 14th IAPR International Conference on},
  volume={1},
  pages={1355--1360},
  year={2017},
  organization={IEEE}
}
@inproceedings{romero2015influence,
  title={Influence of text line segmentation in handwritten text recognition},
  author={Romero, Veronica and Sanchez, Joan Andreu and Bosch, Vicente and Depuydt, Katrien and de Does, Jesse},
  booktitle={Document Analysis and Recognition (ICDAR), 2015 13th International Conference on},
  pages={536--540},
  year={2015},
  organization={IEEE}
}
@inproceedings{fischer2011transcription,
  title={Transcription alignment of Latin manuscripts using hidden Markov models},
  author={Fischer, Andreas and Frinken, Volkmar and Forn{\'e}s, Alicia and Bunke, Horst},
  booktitle={Proceedings of the 2011 Workshop on Historical Document Imaging and Processing},
  pages={29--36},
  year={2011},
  organization={ACM}
}
@inproceedings{simistira2016diva,
  title={Diva-hisdb: A precisely annotated large dataset of challenging medieval manuscripts},
  author={Simistira, Foteini and Seuret, Mathias and Eichenberger, Nicole and Garz, Angelika and Liwicki, Marcus and Ingold, Rolf},
  booktitle={Frontiers in Handwriting Recognition (ICFHR), 2016 15th International Conference on},
  pages={471--476},
  year={2016},
  organization={IEEE}
}
@inproceedings{kassis2017vml,
  title={VML-HD: The historical Arabic documents dataset for recognition systems},
  author={Kassis, Majeed and Abdalhaleem, Alaa and Droby, Ahmad and Alaa\-sam, Reem and El-Sana, Jihad},
  booktitle={Arabic Script Analysis and Recognition (ASAR), 2017 1st International Workshop on},
  pages={11--14},
  year={2017},
  organization={IEEE}
}
@inproceedings{antonacopoulos2015icdar2015,
  title={ICDAR2015 competition on recognition of documents with complex layouts-RDCL2015},
  author={Antonacopoulos, Apostolos and Clausner, Christian and Papadopoulos, Christos and Pletschacher, Stefan},
  booktitle={Document Analysis and Recognition (ICDAR), 2015 13th International Conference on},
  pages={1151--1155},
  year={2015},
  organization={IEEE}
}
@inproceedings{burie2016icfhr,
  title={ICFHR2016 competition on the analysis of handwritten text in images of balinese palm leaf manuscripts},
  author={Burie, Jean-Christophe and Coustaty, Micka{\"e}l and Hadi, Setiawan and Kesiman, Made Windu Antara and Ogier, Jean-Marc and Paulus, Erick and Sok, Kim\-heng and Sunarya, I Made Gede and Valy, Dona},
  booktitle={Frontiers in Handwriting Recognition (ICFHR), 2016 15th International Conference on},
  pages={596--601},
  year={2016},
  organization={IEEE}
}
@inproceedings{clausner2018icfhr,
  title={ICFHR 2018 Competition on Recognition of Historical Arabic Scientific Manuscripts--RASM2018},
  author={Clausner, Christian and Antonacopoulos, Apostolos and Mcgregor, Nora and Wilson-Nunn, Daniel},
  booktitle={2018 16th International Conference on Frontiers in Handwriting Recognition (ICFHR)},
  pages={471--476},
  year={2018},
  organization={IEEE}
}
@article{lee1994building,
  title={Building skeleton models via 3-D medial surface axis thinning algorithms},
  author={Lee, Ta-Chih and Kashyap, Rangasami L and Chu, Chong-Nam},
  journal={CVGIP: Graphical Models and Image Processing},
  volume={56},
  number={6},
  pages={462--478},
  year={1994},
  publisher={Elsevier}
}
@article{douglas1973algorithms,
  title={Algorithms for the reduction of the number of points required to represent a digitized line or its caricature},
  author={Douglas, David H and Peucker, Thomas K},
  journal={Cartographica: The International Journal for Geographic Information and Geovisualization},
  volume={10},
  number={2},
  pages={112--122},
  year={1973},
  publisher={University of Toronto Press}
}
@article{springmann2018ground,
  title={Ground Truth for training OCR engines on historical documents in German Fraktur and Early Modern Latin},
  author={Springmann, Uwe and Reul, Christian and Dipper, Stefanie and Baiter, Johannes},
  journal={arXiv preprint arXiv:1809.05501},
  year={2018}
}
@article{hinton2012improving,
  title={Improving neural networks by preventing co-adaptation of feature detectors},
  author={Hinton, Geoffrey E and Srivastava, Nitish and Krizhevsky, Alex and Sutskever, Ilya and Salakhutdinov, Ruslan R},
  journal={arXiv preprint arXiv:1207.0580},
  year={2012}
}
@article{kingma2014adam,
  title={Adam: A method for stochastic optimization},
  author={Kingma, Diederik P and Ba, Jimmy},
  journal={arXiv preprint arXiv:1412.6980},
  year={2014}
}
@inproceedings{ronneberger2015u,
  title={U-net: Convolutional networks for biomedical image segmentation},
  author={Ronneberger, Olaf and Fischer, Philipp and Brox, Thomas},
  booktitle={International Conference on Medical image computing and computer-assisted intervention},
  pages={234--241},
  year={2015},
  organization={Springer}
}
@inproceedings{he2016deep,
  title={Deep residual learning for image recognition},
  author={He, Kaiming and Zhang, Xiangyu and Ren, Shaoqing and Sun, Jian},
  booktitle={Proceedings of the IEEE conference on computer vision and pattern recognition},
  pages={770--778},
  year={2016}
}
@article{kiessling2017important,
  title={Important New Developments in Arabographic Optical Character Recognition (OCR)},
  author={Kiessling, Benjamin and Miller, Matthew Thomas and Maxim, G and Savant, Sarah Bowen and others},
  journal={Al-ʿUṣ{\=u}r al-Wusṭ{\=a}},
  volume={25},
  pages={1--13},
  year={2017}
}
@inproceedings{smith2009adapting,
  title={Adapting the Tesseract open source OCR engine for multilingual OCR},
  author={Smith, Ray and Antonova, Daria and Lee, Dar-Shyang},
  booktitle={Proceedings of the International Workshop on Multilingual OCR},
  pages={1},
  year={2009},
  organization={ACM}
}
@inproceedings{ul2013can,
  title={Can we build language-independent OCR using LSTM networks?},
  author={Ul-Hasan, Adnan and Breuel, Thomas M},
  booktitle={Proceedings of the 4th International Workshop on Multilingual OCR},
  pages={9},
  year={2013},
  organization={ACM}
}
@article{springmann2016automatic,
  title={Automatic quality evaluation and (semi-) automatic improvement of mixed models for OCR on historical documents},
  author={Springmann, Uwe and Fink, Florian and Schulz, Klaus U},
  journal={CoRR. URL: https://pdfs. semanticscholar. org/b8b7/c369a01164b289ed7c41ef33ce1b74e0fb1f. pdf},
  year={2016}
}
@inproceedings{singh2015can,
  title={Can RNNs reliably separate script and language at word and line level?},
  author={Singh, Ajeet Kumar and Jawahar, CV},
  booktitle={Document Analysis and Recognition (ICDAR), 2015 13th International Conference on},
  pages={976--980},
  year={2015},
  organization={IEEE}
}
@inproceedings{fujii2017sequence,
  title={Sequence-to-Label Script Identification for Multilingual OCR},
  author={Fujii, Yasuhisa and Driesen, Karel and Baccash, Jonathan and Hurst, Ash and Popat, Ashok C},
  booktitle={Document Analysis and Recognition (ICDAR), 2017 14th IAPR International Conference on},
  volume={1},
  pages={161--168},
  year={2017},
  organization={IEEE}
}
@inproceedings{ul2015sequence,
  title={A sequence learning approach for multiple script identification},
  author={Ul-Hasan, Adnan and Afzal, Muhammad Zeshan and Shafait, Faisal and Liwicki, Marcus and Breuel, Thomas M},
  booktitle={Document Analysis and Recognition (ICDAR), 2015 13th International Conference on},
  pages={1046--1050},
  year={2015},
  organization={IEEE}
}
@inproceedings{graves2006connectionist,
  title={Connectionist temporal classification: labelling unsegmented sequence data with recurrent neural networks},
  author={Graves, Alex and Fern{\'a}ndez, Santiago and Gomez, Faustino and Schmidhuber, J{\"u}rgen},
  booktitle={Proceedings of the 23rd international conference on Machine learning},
  pages={369--376},
  year={2006},
  organization={ACM}
}

